%YAML 1.1
%TAG !u! tag:unity3d.com,2011:
--- !u!1001 &100100000
Prefab:
  m_ObjectHideFlags: 1
  serializedVersion: 2
  m_Modification:
    m_TransformParent: {fileID: 0}
    m_Modifications: []
    m_RemovedComponents: []
  m_ParentPrefab: {fileID: 0}
  m_RootGameObject: {fileID: 1752714811039612}
  m_IsPrefabParent: 1
--- !u!1 &1104460091494354
GameObject:
  m_ObjectHideFlags: 0
  m_PrefabParentObject: {fileID: 0}
  m_PrefabInternal: {fileID: 100100000}
  serializedVersion: 5
  m_Component:
  - component: {fileID: 4106945549683016}
  m_Layer: 0
  m_Name: Bone005
  m_TagString: Untagged
  m_Icon: {fileID: 0}
  m_NavMeshLayer: 0
  m_StaticEditorFlags: 0
  m_IsActive: 1
--- !u!1 &1155976083892548
GameObject:
  m_ObjectHideFlags: 0
  m_PrefabParentObject: {fileID: 0}
  m_PrefabInternal: {fileID: 100100000}
  serializedVersion: 5
  m_Component:
  - component: {fileID: 4391987225471086}
  - component: {fileID: 137998534528558918}
  m_Layer: 0
  m_Name: model
  m_TagString: Untagged
  m_Icon: {fileID: 0}
  m_NavMeshLayer: 0
  m_StaticEditorFlags: 0
  m_IsActive: 1
--- !u!1 &1430901060826706
GameObject:
  m_ObjectHideFlags: 0
  m_PrefabParentObject: {fileID: 0}
  m_PrefabInternal: {fileID: 100100000}
  serializedVersion: 5
  m_Component:
  - component: {fileID: 4071988092121786}
  m_Layer: 0
  m_Name: Bone011
  m_TagString: Untagged
  m_Icon: {fileID: 0}
  m_NavMeshLayer: 0
  m_StaticEditorFlags: 0
  m_IsActive: 1
--- !u!1 &1691285973353548
GameObject:
  m_ObjectHideFlags: 0
  m_PrefabParentObject: {fileID: 0}
  m_PrefabInternal: {fileID: 100100000}
  serializedVersion: 5
  m_Component:
  - component: {fileID: 4096800726197232}
  m_Layer: 0
  m_Name: Bone085
  m_TagString: Untagged
  m_Icon: {fileID: 0}
  m_NavMeshLayer: 0
  m_StaticEditorFlags: 0
  m_IsActive: 1
--- !u!1 &1752714811039612
GameObject:
  m_ObjectHideFlags: 0
  m_PrefabParentObject: {fileID: 0}
  m_PrefabInternal: {fileID: 100100000}
  serializedVersion: 5
  m_Component:
  - component: {fileID: 4129094460433714}
  - component: {fileID: 95990246765915466}
  - component: {fileID: 114912503497186698}
  m_Layer: 0
  m_Name: 540072
  m_TagString: Untagged
  m_Icon: {fileID: 0}
  m_NavMeshLayer: 0
  m_StaticEditorFlags: 0
  m_IsActive: 1
--- !u!1 &1857498226978954
GameObject:
  m_ObjectHideFlags: 0
  m_PrefabParentObject: {fileID: 0}
  m_PrefabInternal: {fileID: 100100000}
  serializedVersion: 5
  m_Component:
  - component: {fileID: 4042158919931730}
  m_Layer: 0
  m_Name: Bone040
  m_TagString: Untagged
  m_Icon: {fileID: 0}
  m_NavMeshLayer: 0
  m_StaticEditorFlags: 0
  m_IsActive: 1
--- !u!1 &1914934315903426
GameObject:
  m_ObjectHideFlags: 0
  m_PrefabParentObject: {fileID: 0}
  m_PrefabInternal: {fileID: 100100000}
  serializedVersion: 5
  m_Component:
  - component: {fileID: 4529635261019602}
  m_Layer: 0
  m_Name: ride
  m_TagString: Untagged
  m_Icon: {fileID: 0}
  m_NavMeshLayer: 0
  m_StaticEditorFlags: 0
  m_IsActive: 1
--- !u!4 &4042158919931730
Transform:
  m_ObjectHideFlags: 1
  m_PrefabParentObject: {fileID: 0}
  m_PrefabInternal: {fileID: 100100000}
  m_GameObject: {fileID: 1857498226978954}
  m_LocalRotation: {x: -0.6352656, y: -0.31758296, z: -0.3334053, w: 0.62001586}
  m_LocalPosition: {x: -2.4715624, y: 1.1114315, z: -2.001017}
  m_LocalScale: {x: 1.0000005, y: 1.0000011, z: 1.0000012}
  m_Children: []
  m_Father: {fileID: 4129094460433714}
  m_RootOrder: 2
  m_LocalEulerAnglesHint: {x: 0, y: 0, z: 0}
--- !u!4 &4071988092121786
Transform:
  m_ObjectHideFlags: 1
  m_PrefabParentObject: {fileID: 0}
  m_PrefabInternal: {fileID: 100100000}
  m_GameObject: {fileID: 1430901060826706}
  m_LocalRotation: {x: 0.70582366, y: 0.04258009, z: 0.70582354, w: 0.04258006}
  m_LocalPosition: {x: -0.00000014309279, y: 1.4140426, z: -7.3178725}
  m_LocalScale: {x: 1.0000029, y: 1.000004, z: 1.000002}
  m_Children: []
  m_Father: {fileID: 4129094460433714}
  m_RootOrder: 1
  m_LocalEulerAnglesHint: {x: 0, y: 0, z: 0}
--- !u!4 &4096800726197232
Transform:
  m_ObjectHideFlags: 1
  m_PrefabParentObject: {fileID: 0}
  m_PrefabInternal: {fileID: 100100000}
  m_GameObject: {fileID: 1691285973353548}
  m_LocalRotation: {x: 0.6200158, y: 0.33340508, z: -0.31758285, w: 0.6352659}
  m_LocalPosition: {x: 2.4715645, y: 1.1114306, z: -2.001017}
  m_LocalScale: {x: -1.0000014, y: -1.0000017, z: -1.0000015}
  m_Children: []
  m_Father: {fileID: 4129094460433714}
  m_RootOrder: 3
  m_LocalEulerAnglesHint: {x: 0, y: 0, z: 0}
--- !u!4 &4106945549683016
Transform:
  m_ObjectHideFlags: 1
  m_PrefabParentObject: {fileID: 0}
  m_PrefabInternal: {fileID: 100100000}
  m_GameObject: {fileID: 1104460091494354}
  m_LocalRotation: {x: 0.04243934, y: 0.7058321, z: 0.042439006, w: 0.7058321}
  m_LocalPosition: {x: 0.00000021571812, y: 2.6437516, z: 2.330792}
  m_LocalScale: {x: 1.000001, y: 1.0000002, z: 1.0000008}
  m_Children: []
  m_Father: {fileID: 4129094460433714}
  m_RootOrder: 0
  m_LocalEulerAnglesHint: {x: 0, y: 0, z: 0}
--- !u!4 &4129094460433714
Transform:
  m_ObjectHideFlags: 1
  m_PrefabParentObject: {fileID: 0}
  m_PrefabInternal: {fileID: 100100000}
  m_GameObject: {fileID: 1752714811039612}
  m_LocalRotation: {x: 0, y: 0, z: 0, w: 1}
  m_LocalPosition: {x: 0, y: 0, z: 0}
  m_LocalScale: {x: 1, y: 1, z: 1}
  m_Children:
  - {fileID: 4106945549683016}
  - {fileID: 4071988092121786}
  - {fileID: 4042158919931730}
  - {fileID: 4096800726197232}
  - {fileID: 4391987225471086}
  - {fileID: 4529635261019602}
  m_Father: {fileID: 0}
  m_RootOrder: 0
  m_LocalEulerAnglesHint: {x: 0, y: 0, z: 0}
--- !u!4 &4391987225471086
Transform:
  m_ObjectHideFlags: 1
  m_PrefabParentObject: {fileID: 0}
  m_PrefabInternal: {fileID: 100100000}
  m_GameObject: {fileID: 1155976083892548}
  m_LocalRotation: {x: 0.031153232, y: 0.70642024, z: 0.031153232, w: 0.7064201}
  m_LocalPosition: {x: -0.00000007602433, y: 1.9604627, z: -1.7392336}
  m_LocalScale: {x: 1.0000002, y: 1, z: 1}
  m_Children: []
  m_Father: {fileID: 4129094460433714}
  m_RootOrder: 4
  m_LocalEulerAnglesHint: {x: 0, y: 0, z: 0}
--- !u!4 &4529635261019602
Transform:
  m_ObjectHideFlags: 1
  m_PrefabParentObject: {fileID: 0}
  m_PrefabInternal: {fileID: 100100000}
  m_GameObject: {fileID: 1914934315903426}
  m_LocalRotation: {x: 0.7071067, y: -0.000000008870887, z: -0.7071069, w: 0.000000013038516}
  m_LocalPosition: {x: -0.000000007739345, y: 3.0678673, z: -1.0354936}
  m_LocalScale: {x: 1, y: 1.0000008, z: 1.0000002}
  m_Children: []
  m_Father: {fileID: 4129094460433714}
  m_RootOrder: 5
  m_LocalEulerAnglesHint: {x: 0, y: 0, z: 0}
--- !u!95 &95990246765915466
Animator:
  serializedVersion: 3
  m_ObjectHideFlags: 1
  m_PrefabParentObject: {fileID: 0}
  m_PrefabInternal: {fileID: 100100000}
  m_GameObject: {fileID: 1752714811039612}
  m_Enabled: 1
  m_Avatar: {fileID: 9000000, guid: da4ea45a32ff7a2418d545c4354de332, type: 3}
  m_Controller: {fileID: 9100000, guid: d59768cbba37b4241ba32707008639ba, type: 2}
  m_CullingMode: 2
  m_UpdateMode: 1
  m_ApplyRootMotion: 0
  m_LinearVelocityBlending: 0
  m_WarningMessage: 
  m_HasTransformHierarchy: 0
  m_AllowConstantClipSamplingOptimization: 1
--- !u!114 &114912503497186698
MonoBehaviour:
  m_ObjectHideFlags: 1
  m_PrefabParentObject: {fileID: 0}
  m_PrefabInternal: {fileID: 100100000}
  m_GameObject: {fileID: 1752714811039612}
  m_Enabled: 1
  m_EditorHideFlags: 0
  m_Script: {fileID: 11500000, guid: 7409368713d5c3d4cabb6f121204de64, type: 3}
  m_Name: 
  m_EditorClassIdentifier: 
  effectT:
  - {fileID: 4106945549683016}
  - {fileID: 4071988092121786}
  - {fileID: 4042158919931730}
  - {fileID: 4096800726197232}
  effects:
  - {fileID: 1517606112633906, guid: bf949cb21fbbbef478df47f58e466790, type: 2}
  - {fileID: 1557846836037008, guid: 1baf01f6d3d56ab45bf502f0e623186c, type: 2}
  - {fileID: 1986081744435952, guid: 9d1c516d4ada7f948954ebf5fa742bf6, type: 2}
  - {fileID: 1567022724182818, guid: ec89d434410edf94fbbcefcaeb72b012, type: 2}
--- !u!137 &137998534528558918
SkinnedMeshRenderer:
  m_ObjectHideFlags: 1
  m_PrefabParentObject: {fileID: 0}
  m_PrefabInternal: {fileID: 100100000}
  m_GameObject: {fileID: 1155976083892548}
  m_Enabled: 1
  m_CastShadows: 0
  m_ReceiveShadows: 0
  m_MotionVectors: 2
  m_LightProbeUsage: 0
  m_ReflectionProbeUsage: 0
  m_Materials:
  - {fileID: 2100000, guid: 44b196410f90544408783e7070bd8dce, type: 2}
  m_StaticBatchInfo:
    firstSubMesh: 0
    subMeshCount: 0
  m_StaticBatchRoot: {fileID: 0}
  m_ProbeAnchor: {fileID: 0}
  m_LightProbeVolumeOverride: {fileID: 0}
  m_ScaleInLightmap: 1
  m_PreserveUVs: 0
  m_IgnoreNormalsForChartDetection: 0
  m_ImportantGI: 0
  m_SelectedEditorRenderState: 3
  m_MinimumChartSize: 4
  m_AutoUVMaxDistance: 0.5
  m_AutoUVMaxAngle: 89
  m_LightmapParameters: {fileID: 0}
  m_SortingLayerID: 0
  m_SortingLayer: 0
  m_SortingOrder: 0
  serializedVersion: 2
  m_Quality: 0
  m_UpdateWhenOffscreen: 0
  m_SkinnedMotionVectors: 0
  m_Mesh: {fileID: 4300000, guid: da4ea45a32ff7a2418d545c4354de332, type: 3}
  m_Bones: []
  m_BlendShapeWeights: []
  m_RootBone: {fileID: 0}
  m_AABB:
    m_Center: {x: 1.3845904, y: 0.35728526, z: 0.0000014305115}
    m_Extent: {x: 6.4729195, y: 2.7888732, z: 7.134319}
  m_DirtyAABB: 0
