%YAML 1.1
%TAG !u! tag:unity3d.com,2011:
--- !u!1001 &100100000
Prefab:
  m_ObjectHideFlags: 1
  serializedVersion: 2
  m_Modification:
    m_TransformParent: {fileID: 0}
    m_Modifications: []
    m_RemovedComponents: []
  m_ParentPrefab: {fileID: 0}
  m_RootGameObject: {fileID: 1580883072447652}
  m_IsPrefabParent: 1
--- !u!1 &1037336005833400
GameObject:
  m_ObjectHideFlags: 0
  m_PrefabParentObject: {fileID: 0}
  m_PrefabInternal: {fileID: 100100000}
  serializedVersion: 5
  m_Component:
  - component: {fileID: 4229460764040270}
  m_Layer: 0
  m_Name: Bone71
  m_TagString: Untagged
  m_Icon: {fileID: 0}
  m_NavMeshLayer: 0
  m_StaticEditorFlags: 0
  m_IsActive: 1
--- !u!1 &1420404278516972
GameObject:
  m_ObjectHideFlags: 0
  m_PrefabParentObject: {fileID: 0}
  m_PrefabInternal: {fileID: 100100000}
  serializedVersion: 5
  m_Component:
  - component: {fileID: 4736486974408880}
  m_Layer: 0
  m_Name: Bone28
  m_TagString: Untagged
  m_Icon: {fileID: 0}
  m_NavMeshLayer: 0
  m_StaticEditorFlags: 0
  m_IsActive: 1
--- !u!1 &1462839211596386
GameObject:
  m_ObjectHideFlags: 0
  m_PrefabParentObject: {fileID: 0}
  m_PrefabInternal: {fileID: 100100000}
  serializedVersion: 5
  m_Component:
  - component: {fileID: 4536856153505232}
  - component: {fileID: 137141652078586514}
  m_Layer: 0
  m_Name: male
  m_TagString: Untagged
  m_Icon: {fileID: 0}
  m_NavMeshLayer: 0
  m_StaticEditorFlags: 0
  m_IsActive: 1
--- !u!1 &1580883072447652
GameObject:
  m_ObjectHideFlags: 0
  m_PrefabParentObject: {fileID: 0}
  m_PrefabInternal: {fileID: 100100000}
  serializedVersion: 5
  m_Component:
  - component: {fileID: 4655297862082450}
  - component: {fileID: 95377984322275270}
  m_Layer: 0
  m_Name: 1540053
  m_TagString: Untagged
  m_Icon: {fileID: 0}
  m_NavMeshLayer: 0
  m_StaticEditorFlags: 0
  m_IsActive: 1
--- !u!1 &1606785990325072
GameObject:
  m_ObjectHideFlags: 0
  m_PrefabParentObject: {fileID: 0}
  m_PrefabInternal: {fileID: 100100000}
  serializedVersion: 5
  m_Component:
  - component: {fileID: 4119671506676682}
  m_Layer: 0
  m_Name: Bone05
  m_TagString: Untagged
  m_Icon: {fileID: 0}
  m_NavMeshLayer: 0
  m_StaticEditorFlags: 0
  m_IsActive: 1
--- !u!1 &1746354441130374
GameObject:
  m_ObjectHideFlags: 0
  m_PrefabParentObject: {fileID: 0}
  m_PrefabInternal: {fileID: 100100000}
  serializedVersion: 5
  m_Component:
  - component: {fileID: 4391934697214734}
  m_Layer: 0
  m_Name: ride
  m_TagString: Untagged
  m_Icon: {fileID: 0}
  m_NavMeshLayer: 0
  m_StaticEditorFlags: 0
  m_IsActive: 1
--- !u!1 &1823390738238196
GameObject:
  m_ObjectHideFlags: 0
  m_PrefabParentObject: {fileID: 0}
  m_PrefabInternal: {fileID: 100100000}
  serializedVersion: 5
  m_Component:
  - component: {fileID: 4568125259457590}
  m_Layer: 0
  m_Name: Bone02
  m_TagString: Untagged
  m_Icon: {fileID: 0}
  m_NavMeshLayer: 0
  m_StaticEditorFlags: 0
  m_IsActive: 1
--- !u!4 &4119671506676682
Transform:
  m_ObjectHideFlags: 1
  m_PrefabParentObject: {fileID: 0}
  m_PrefabInternal: {fileID: 100100000}
  m_GameObject: {fileID: 1606785990325072}
  m_LocalRotation: {x: 0.61053604, y: -0.04645518, z: 0.789809, w: -0.035910655}
  m_LocalPosition: {x: 0.000000103414344, y: 2.5516546, z: 0.8448296}
  m_LocalScale: {x: 1.0000006, y: 1.0000011, z: 1.0000005}
  m_Children: []
  m_Father: {fileID: 4655297862082450}
  m_RootOrder: 1
  m_LocalEulerAnglesHint: {x: 0, y: 0, z: 0}
--- !u!4 &4229460764040270
Transform:
  m_ObjectHideFlags: 1
  m_PrefabParentObject: {fileID: 0}
  m_PrefabInternal: {fileID: 100100000}
  m_GameObject: {fileID: 1037336005833400}
  m_LocalRotation: {x: 0.50564843, y: -0.49428707, z: 0.50564843, w: -0.49428707}
  m_LocalPosition: {x: 0.00000007704914, y: 3.0611389, z: 1.3938833}
  m_LocalScale: {x: 1.0000004, y: 1.0000002, z: 1.0000005}
  m_Children: []
  m_Father: {fileID: 4655297862082450}
  m_RootOrder: 3
  m_LocalEulerAnglesHint: {x: 0, y: 0, z: 0}
--- !u!4 &4391934697214734
Transform:
  m_ObjectHideFlags: 1
  m_PrefabParentObject: {fileID: 0}
  m_PrefabInternal: {fileID: 100100000}
  m_GameObject: {fileID: 1746354441130374}
  m_LocalRotation: {x: -0.70710677, y: 0.00000018613741, z: 0.7071068, w: 0.00000011920929}
  m_LocalPosition: {x: 0.004738131, y: 3.3570292, z: 1.4741544}
  m_LocalScale: {x: 1.0000002, y: 1.0000004, z: 1.0000006}
  m_Children: []
  m_Father: {fileID: 4655297862082450}
  m_RootOrder: 5
  m_LocalEulerAnglesHint: {x: 0, y: 0, z: 0}
--- !u!4 &4536856153505232
Transform:
  m_ObjectHideFlags: 1
  m_PrefabParentObject: {fileID: 0}
  m_PrefabInternal: {fileID: 100100000}
  m_GameObject: {fileID: 1462839211596386}
  m_LocalRotation: {x: 0.705759, y: -0.043638393, z: 0.705759, w: -0.043638393}
  m_LocalPosition: {x: 0.000000062147976, y: 2.4800813, z: 1.4217802}
  m_LocalScale: {x: 1.0000005, y: 1.000001, z: 1.0000005}
  m_Children: []
  m_Father: {fileID: 4655297862082450}
  m_RootOrder: 4
  m_LocalEulerAnglesHint: {x: 0, y: 0, z: 0}
--- !u!4 &4568125259457590
Transform:
  m_ObjectHideFlags: 1
  m_PrefabParentObject: {fileID: 0}
  m_PrefabInternal: {fileID: 100100000}
  m_GameObject: {fileID: 1823390738238196}
  m_LocalRotation: {x: -0.032815546, y: -0.7019277, z: -0.03250163, w: -0.7107491}
  m_LocalPosition: {x: 0.04806661, y: 2.4245758, z: 2.004569}
  m_LocalScale: {x: 1.0000007, y: 0.9999999, z: 1.0000007}
  m_Children: []
  m_Father: {fileID: 4655297862082450}
  m_RootOrder: 0
  m_LocalEulerAnglesHint: {x: 0, y: 0, z: 0}
--- !u!4 &4655297862082450
Transform:
  m_ObjectHideFlags: 1
  m_PrefabParentObject: {fileID: 0}
  m_PrefabInternal: {fileID: 100100000}
  m_GameObject: {fileID: 1580883072447652}
  m_LocalRotation: {x: 0, y: 0, z: 0, w: 1}
  m_LocalPosition: {x: 0, y: 0, z: 0}
  m_LocalScale: {x: 1, y: 1, z: 1}
  m_Children:
  - {fileID: 4568125259457590}
  - {fileID: 4119671506676682}
  - {fileID: 4736486974408880}
  - {fileID: 4229460764040270}
  - {fileID: 4536856153505232}
  - {fileID: 4391934697214734}
  m_Father: {fileID: 0}
  m_RootOrder: 0
  m_LocalEulerAnglesHint: {x: 0, y: 0, z: 0}
--- !u!4 &4736486974408880
Transform:
  m_ObjectHideFlags: 1
  m_PrefabParentObject: {fileID: 0}
  m_PrefabInternal: {fileID: 100100000}
  m_GameObject: {fileID: 1420404278516972}
  m_LocalRotation: {x: -0.62875646, y: 0.2648992, z: -0.68732256, w: 0.24916145}
  m_LocalPosition: {x: 0.04631429, y: 3.0505748, z: 2.1967006}
  m_LocalScale: {x: 1.0000005, y: 0.9999999, z: 1.0000006}
  m_Children: []
  m_Father: {fileID: 4655297862082450}
  m_RootOrder: 2
  m_LocalEulerAnglesHint: {x: 0, y: 0, z: 0}
--- !u!95 &95377984322275270
Animator:
  serializedVersion: 3
  m_ObjectHideFlags: 1
  m_PrefabParentObject: {fileID: 0}
  m_PrefabInternal: {fileID: 100100000}
  m_GameObject: {fileID: 1580883072447652}
  m_Enabled: 1
  m_Avatar: {fileID: 9000000, guid: ba5786958b5692f419bf7c9d00eaf798, type: 3}
  m_Controller: {fileID: 9100000, guid: f9647dc622ae0db49a0310d6f9e7dbd7, type: 2}
  m_CullingMode: 2
  m_UpdateMode: 1
  m_ApplyRootMotion: 0
  m_LinearVelocityBlending: 0
  m_WarningMessage: 
  m_HasTransformHierarchy: 0
  m_AllowConstantClipSamplingOptimization: 1
--- !u!137 &137141652078586514
SkinnedMeshRenderer:
  m_ObjectHideFlags: 1
  m_PrefabParentObject: {fileID: 0}
  m_PrefabInternal: {fileID: 100100000}
  m_GameObject: {fileID: 1462839211596386}
  m_Enabled: 1
  m_CastShadows: 0
  m_ReceiveShadows: 0
  m_MotionVectors: 2
  m_LightProbeUsage: 0
  m_ReflectionProbeUsage: 0
  m_Materials:
  - {fileID: 2100000, guid: 4b7e39d57e46c7c4dbf9903ddbe84e90, type: 2}
  m_StaticBatchInfo:
    firstSubMesh: 0
    subMeshCount: 0
  m_StaticBatchRoot: {fileID: 0}
  m_ProbeAnchor: {fileID: 0}
  m_LightProbeVolumeOverride: {fileID: 0}
  m_ScaleInLightmap: 1
  m_PreserveUVs: 0
  m_IgnoreNormalsForChartDetection: 0
  m_ImportantGI: 0
  m_SelectedEditorRenderState: 3
  m_MinimumChartSize: 4
  m_AutoUVMaxDistance: 0.5
  m_AutoUVMaxAngle: 89
  m_LightmapParameters: {fileID: 0}
  m_SortingLayerID: 0
  m_SortingLayer: 0
  m_SortingOrder: 0
  serializedVersion: 2
  m_Quality: 0
  m_UpdateWhenOffscreen: 0
  m_SkinnedMotionVectors: 0
  m_Mesh: {fileID: 4300000, guid: ba5786958b5692f419bf7c9d00eaf798, type: 3}
  m_Bones: []
  m_BlendShapeWeights: []
  m_RootBone: {fileID: 0}
  m_AABB:
    m_Center: {x: -4.68813, y: 0.27353895, z: 0.5763886}
    m_Extent: {x: 6.3918986, y: 2.85602, z: 3.40395}
  m_DirtyAABB: 0
