%YAML 1.1
%TAG !u! tag:unity3d.com,2011:
--- !u!1001 &100100000
Prefab:
  m_ObjectHideFlags: 1
  serializedVersion: 2
  m_Modification:
    m_TransformParent: {fileID: 0}
    m_Modifications: []
    m_RemovedComponents: []
  m_ParentPrefab: {fileID: 0}
  m_RootGameObject: {fileID: 1382578237536490}
  m_IsPrefabParent: 1
--- !u!1 &1382578237536490
GameObject:
  m_ObjectHideFlags: 0
  m_PrefabParentObject: {fileID: 0}
  m_PrefabInternal: {fileID: 100100000}
  serializedVersion: 5
  m_Component:
  - component: {fileID: 4798762916088692}
  - component: {fileID: 33932618754586730}
  - component: {fileID: 23953221506505106}
  - component: {fileID: 64798908909543104}
  - component: {fileID: 114657379893469856}
  m_Layer: 30
  m_Name: Terrain_3000
  m_TagString: Untagged
  m_Icon: {fileID: 0}
  m_NavMeshLayer: 0
  m_StaticEditorFlags: 4294967295
  m_IsActive: 1
--- !u!4 &4798762916088692
Transform:
  m_ObjectHideFlags: 1
  m_PrefabParentObject: {fileID: 0}
  m_PrefabInternal: {fileID: 100100000}
  m_GameObject: {fileID: 1382578237536490}
  m_LocalRotation: {x: 0.000000021855694, y: 0, z: -0, w: 1}
  m_LocalPosition: {x: -0, y: 0, z: 0}
  m_LocalScale: {x: 1, y: 1, z: 1}
  m_Children: []
  m_Father: {fileID: 0}
  m_RootOrder: 0
  m_LocalEulerAnglesHint: {x: 0, y: 0, z: 0}
--- !u!23 &23953221506505106
MeshRenderer:
  m_ObjectHideFlags: 1
  m_PrefabParentObject: {fileID: 0}
  m_PrefabInternal: {fileID: 100100000}
  m_GameObject: {fileID: 1382578237536490}
  m_Enabled: 1
  m_CastShadows: 1
  m_ReceiveShadows: 1
  m_MotionVectors: 1
  m_LightProbeUsage: 1
  m_ReflectionProbeUsage: 1
  m_Materials:
  - {fileID: 2100000, guid: 0fae09f463f1fc347b22b678fce71a7f, type: 2}
  m_StaticBatchInfo:
    firstSubMesh: 0
    subMeshCount: 0
  m_StaticBatchRoot: {fileID: 0}
  m_ProbeAnchor: {fileID: 0}
  m_LightProbeVolumeOverride: {fileID: 0}
  m_ScaleInLightmap: 1
  m_PreserveUVs: 0
  m_IgnoreNormalsForChartDetection: 0
  m_ImportantGI: 0
  m_SelectedEditorRenderState: 0
  m_MinimumChartSize: 4
  m_AutoUVMaxDistance: 0.5
  m_AutoUVMaxAngle: 89
  m_LightmapParameters: {fileID: 0}
  m_SortingLayerID: 0
  m_SortingLayer: 0
  m_SortingOrder: 0
--- !u!33 &33932618754586730
MeshFilter:
  m_ObjectHideFlags: 1
  m_PrefabParentObject: {fileID: 0}
  m_PrefabInternal: {fileID: 100100000}
  m_GameObject: {fileID: 1382578237536490}
  m_Mesh: {fileID: 4300000, guid: baf7116d6b600eb4895a42c4bfa7f6f2, type: 3}
--- !u!64 &64798908909543104
MeshCollider:
  m_ObjectHideFlags: 1
  m_PrefabParentObject: {fileID: 0}
  m_PrefabInternal: {fileID: 100100000}
  m_GameObject: {fileID: 1382578237536490}
  m_Material: {fileID: 0}
  m_IsTrigger: 0
  m_Enabled: 1
  serializedVersion: 2
  m_Convex: 0
  m_InflateMesh: 0
  m_SkinWidth: 0.01
  m_Mesh: {fileID: 4300000, guid: baf7116d6b600eb4895a42c4bfa7f6f2, type: 3}
--- !u!114 &114657379893469856
MonoBehaviour:
  m_ObjectHideFlags: 1
  m_PrefabParentObject: {fileID: 0}
  m_PrefabInternal: {fileID: 100100000}
  m_GameObject: {fileID: 1382578237536490}
  m_Enabled: 1
  m_EditorHideFlags: 0
  m_Script: {fileID: 11500000, guid: 1d93968b001d0e84aa6474c314037284, type: 3}
  m_Name: 
  m_EditorClassIdentifier: 
  ConvertType: 
  EnabledLODSystem: 1
  ObjPosition: []
  ObjLodScript: []
  ObjLodStatus: 
  MaxViewDistance: 60
  LOD2Start: 20
  LOD3Start: 40
  Interval: 0.5
  PlayerCamera: {fileID: 0}
  Mode: 1
  Master: 0
  enabledBillboard: 1
  BillboardPosition: []
  BillInterval: 0.05
  BillStatus: 
  BillMaxViewDistance: 30
  BillScript: []
  enabledLayerCul: 1
  BackGroundView: 1000
  FarView: 200
  NormalView: 60
  CloseView: 30
  Axis: 0
  LODbasedOnScript: 1
  BilBbasedOnScript: 1
  T4MMaterial: {fileID: 0}
  T4MMesh: {fileID: 0}
  TranslucencyColor: {r: 0.73, g: 0.85, b: 0.4, a: 1}
  Wind: {x: 0.85, y: 0.075, z: 0.4, w: 0.5}
  WindFrequency: 0.75
  GrassWindFrequency: 1.5
  ActiveWind: 0
  LayerCullPreview: 0
  LODPreview: 0
  BillboardPreview: 0
  T4MMaskTex2d: {fileID: 0}
  T4MMaskTexd: {fileID: 0}
