%YAML 1.1
%TAG !u! tag:unity3d.com,2011:
--- !u!1001 &100100000
Prefab:
  m_ObjectHideFlags: 1
  serializedVersion: 2
  m_Modification:
    m_TransformParent: {fileID: 0}
    m_Modifications: []
    m_RemovedComponents: []
  m_ParentPrefab: {fileID: 0}
  m_RootGameObject: {fileID: 1639583986980546}
  m_IsPrefabParent: 1
--- !u!1 &1319213498154470
GameObject:
  m_ObjectHideFlags: 0
  m_PrefabParentObject: {fileID: 0}
  m_PrefabInternal: {fileID: 100100000}
  serializedVersion: 5
  m_Component:
  - component: {fileID: 4742708372054500}
  m_Layer: 0
  m_Name: Bip01 Spine
  m_TagString: Untagged
  m_Icon: {fileID: 0}
  m_NavMeshLayer: 0
  m_StaticEditorFlags: 0
  m_IsActive: 1
--- !u!1 &1393089487109304
GameObject:
  m_ObjectHideFlags: 0
  m_PrefabParentObject: {fileID: 0}
  m_PrefabInternal: {fileID: 100100000}
  serializedVersion: 5
  m_Component:
  - component: {fileID: 4406085605594356}
  m_Layer: 0
  m_Name: ride
  m_TagString: Untagged
  m_Icon: {fileID: 0}
  m_NavMeshLayer: 0
  m_StaticEditorFlags: 0
  m_IsActive: 1
--- !u!1 &1434351497724972
GameObject:
  m_ObjectHideFlags: 0
  m_PrefabParentObject: {fileID: 0}
  m_PrefabInternal: {fileID: 100100000}
  serializedVersion: 5
  m_Component:
  - component: {fileID: 4627579493523316}
  m_Layer: 0
  m_Name: Bip01 Head
  m_TagString: Untagged
  m_Icon: {fileID: 0}
  m_NavMeshLayer: 0
  m_StaticEditorFlags: 0
  m_IsActive: 1
--- !u!1 &1639583986980546
GameObject:
  m_ObjectHideFlags: 0
  m_PrefabParentObject: {fileID: 0}
  m_PrefabInternal: {fileID: 100100000}
  serializedVersion: 5
  m_Component:
  - component: {fileID: 4315018411768796}
  - component: {fileID: 95913070181666630}
  m_Layer: 0
  m_Name: 11460029
  m_TagString: Untagged
  m_Icon: {fileID: 0}
  m_NavMeshLayer: 0
  m_StaticEditorFlags: 0
  m_IsActive: 1
--- !u!1 &1719345211313998
GameObject:
  m_ObjectHideFlags: 0
  m_PrefabParentObject: {fileID: 0}
  m_PrefabInternal: {fileID: 100100000}
  serializedVersion: 5
  m_Component:
  - component: {fileID: 4432126221756556}
  - component: {fileID: 137189210828647722}
  m_Layer: 0
  m_Name: Object01
  m_TagString: Untagged
  m_Icon: {fileID: 0}
  m_NavMeshLayer: 0
  m_StaticEditorFlags: 0
  m_IsActive: 1
--- !u!1 &1923357331770850
GameObject:
  m_ObjectHideFlags: 0
  m_PrefabParentObject: {fileID: 0}
  m_PrefabInternal: {fileID: 100100000}
  serializedVersion: 5
  m_Component:
  - component: {fileID: 4660755133794436}
  m_Layer: 0
  m_Name: Bip01 Spine1
  m_TagString: Untagged
  m_Icon: {fileID: 0}
  m_NavMeshLayer: 0
  m_StaticEditorFlags: 0
  m_IsActive: 1
--- !u!4 &4315018411768796
Transform:
  m_ObjectHideFlags: 1
  m_PrefabParentObject: {fileID: 0}
  m_PrefabInternal: {fileID: 100100000}
  m_GameObject: {fileID: 1639583986980546}
  m_LocalRotation: {x: 0, y: 0, z: 0, w: 1}
  m_LocalPosition: {x: 0, y: 0, z: 0}
  m_LocalScale: {x: 1, y: 1, z: 1}
  m_Children:
  - {fileID: 4627579493523316}
  - {fileID: 4742708372054500}
  - {fileID: 4660755133794436}
  - {fileID: 4432126221756556}
  - {fileID: 4406085605594356}
  m_Father: {fileID: 0}
  m_RootOrder: 0
  m_LocalEulerAnglesHint: {x: 0, y: 0, z: 0}
--- !u!4 &4406085605594356
Transform:
  m_ObjectHideFlags: 1
  m_PrefabParentObject: {fileID: 0}
  m_PrefabInternal: {fileID: 100100000}
  m_GameObject: {fileID: 1393089487109304}
  m_LocalRotation: {x: -0.70696783, y: -0.008215696, z: 0.7071524, w: 0.008027395}
  m_LocalPosition: {x: -0.00000011693012, y: 4.4418583, z: 0.14321184}
  m_LocalScale: {x: 0.5210708, y: 0.52107054, z: 0.52107054}
  m_Children: []
  m_Father: {fileID: 4315018411768796}
  m_RootOrder: 4
  m_LocalEulerAnglesHint: {x: 0, y: 0, z: 0}
--- !u!4 &4432126221756556
Transform:
  m_ObjectHideFlags: 1
  m_PrefabParentObject: {fileID: 0}
  m_PrefabInternal: {fileID: 100100000}
  m_GameObject: {fileID: 1719345211313998}
  m_LocalRotation: {x: -0.5101296, y: 0.48966235, z: 0.51012826, w: -0.48966092}
  m_LocalPosition: {x: -0.000000096833695, y: 2.7941606, z: -2.2152965}
  m_LocalScale: {x: 1.0000002, y: 1.0000002, z: 1.0000004}
  m_Children: []
  m_Father: {fileID: 4315018411768796}
  m_RootOrder: 3
  m_LocalEulerAnglesHint: {x: 0, y: 0, z: 0}
--- !u!4 &4627579493523316
Transform:
  m_ObjectHideFlags: 1
  m_PrefabParentObject: {fileID: 0}
  m_PrefabInternal: {fileID: 100100000}
  m_GameObject: {fileID: 1434351497724972}
  m_LocalRotation: {x: -0.70639944, y: -0.03163446, z: 0.70639837, w: 0.031631563}
  m_LocalPosition: {x: -0.0000036621961, y: 1.9933814, z: 2.7134633}
  m_LocalScale: {x: 1.000003, y: 1.000004, z: 1.0000025}
  m_Children: []
  m_Father: {fileID: 4315018411768796}
  m_RootOrder: 0
  m_LocalEulerAnglesHint: {x: 0, y: 0, z: 0}
--- !u!4 &4660755133794436
Transform:
  m_ObjectHideFlags: 1
  m_PrefabParentObject: {fileID: 0}
  m_PrefabInternal: {fileID: 100100000}
  m_GameObject: {fileID: 1923357331770850}
  m_LocalRotation: {x: -0.6977599, y: -0.1145961, z: 0.6977588, w: 0.11459312}
  m_LocalPosition: {x: 0.0000006050767, y: 2.5572877, z: -0.04475856}
  m_LocalScale: {x: 1.0000008, y: 1.0000014, z: 1.0000013}
  m_Children: []
  m_Father: {fileID: 4315018411768796}
  m_RootOrder: 2
  m_LocalEulerAnglesHint: {x: 0, y: 0, z: 0}
--- !u!4 &4742708372054500
Transform:
  m_ObjectHideFlags: 1
  m_PrefabParentObject: {fileID: 0}
  m_PrefabInternal: {fileID: 100100000}
  m_GameObject: {fileID: 1319213498154470}
  m_LocalRotation: {x: -0.7069644, y: -0.014217317, z: 0.7069634, w: 0.014214423}
  m_LocalPosition: {x: 0.0000020368273, y: 2.6036968, z: -1.2211578}
  m_LocalScale: {x: 1.0000006, y: 1.0000007, z: 1.0000008}
  m_Children: []
  m_Father: {fileID: 4315018411768796}
  m_RootOrder: 1
  m_LocalEulerAnglesHint: {x: 0, y: 0, z: 0}
--- !u!95 &95913070181666630
Animator:
  serializedVersion: 3
  m_ObjectHideFlags: 1
  m_PrefabParentObject: {fileID: 0}
  m_PrefabInternal: {fileID: 100100000}
  m_GameObject: {fileID: 1639583986980546}
  m_Enabled: 1
  m_Avatar: {fileID: 9000000, guid: dde9fda670963054e960e176beb91cd7, type: 3}
  m_Controller: {fileID: 9100000, guid: 07becb2c8dace664781a83b6b196c019, type: 2}
  m_CullingMode: 2
  m_UpdateMode: 1
  m_ApplyRootMotion: 0
  m_LinearVelocityBlending: 0
  m_WarningMessage: 
  m_HasTransformHierarchy: 0
  m_AllowConstantClipSamplingOptimization: 1
--- !u!137 &137189210828647722
SkinnedMeshRenderer:
  m_ObjectHideFlags: 1
  m_PrefabParentObject: {fileID: 0}
  m_PrefabInternal: {fileID: 100100000}
  m_GameObject: {fileID: 1719345211313998}
  m_Enabled: 1
  m_CastShadows: 0
  m_ReceiveShadows: 0
  m_MotionVectors: 2
  m_LightProbeUsage: 0
  m_ReflectionProbeUsage: 0
  m_Materials:
  - {fileID: 2100000, guid: 0de2fdcdd582afa478f21564e6022e63, type: 2}
  m_StaticBatchInfo:
    firstSubMesh: 0
    subMeshCount: 0
  m_StaticBatchRoot: {fileID: 0}
  m_ProbeAnchor: {fileID: 0}
  m_LightProbeVolumeOverride: {fileID: 0}
  m_ScaleInLightmap: 1
  m_PreserveUVs: 0
  m_IgnoreNormalsForChartDetection: 0
  m_ImportantGI: 0
  m_SelectedEditorRenderState: 3
  m_MinimumChartSize: 4
  m_AutoUVMaxDistance: 0.5
  m_AutoUVMaxAngle: 89
  m_LightmapParameters: {fileID: 0}
  m_SortingLayerID: 0
  m_SortingLayer: 0
  m_SortingOrder: 0
  serializedVersion: 2
  m_Quality: 0
  m_UpdateWhenOffscreen: 0
  m_SkinnedMotionVectors: 0
  m_Mesh: {fileID: 4300000, guid: dde9fda670963054e960e176beb91cd7, type: 3}
  m_Bones: []
  m_BlendShapeWeights: []
  m_RootBone: {fileID: 0}
  m_AABB:
    m_Center: {x: 0.054032087, y: 2.195218, z: -0.016784072}
    m_Extent: {x: 3.332735, y: 4.1906934, z: 2.50072}
  m_DirtyAABB: 0
