%YAML 1.1
%TAG !u! tag:unity3d.com,2011:
--- !u!1001 &100100000
Prefab:
  m_ObjectHideFlags: 1
  serializedVersion: 2
  m_Modification:
    m_TransformParent: {fileID: 0}
    m_Modifications: []
    m_RemovedComponents: []
  m_ParentPrefab: {fileID: 0}
  m_RootGameObject: {fileID: 1068882965039476}
  m_IsPrefabParent: 1
--- !u!1 &1068882965039476
GameObject:
  m_ObjectHideFlags: 0
  m_PrefabParentObject: {fileID: 0}
  m_PrefabInternal: {fileID: 100100000}
  serializedVersion: 5
  m_Component:
  - component: {fileID: 4027331742023646}
  - component: {fileID: 95736790116679624}
  m_Layer: 0
  m_Name: 1460029
  m_TagString: Untagged
  m_Icon: {fileID: 0}
  m_NavMeshLayer: 0
  m_StaticEditorFlags: 0
  m_IsActive: 1
--- !u!1 &1253229796672180
GameObject:
  m_ObjectHideFlags: 0
  m_PrefabParentObject: {fileID: 0}
  m_PrefabInternal: {fileID: 100100000}
  serializedVersion: 5
  m_Component:
  - component: {fileID: 4541576534909646}
  m_Layer: 0
  m_Name: Bip02 L Clavicle
  m_TagString: Untagged
  m_Icon: {fileID: 0}
  m_NavMeshLayer: 0
  m_StaticEditorFlags: 0
  m_IsActive: 1
--- !u!1 &1571715773181888
GameObject:
  m_ObjectHideFlags: 0
  m_PrefabParentObject: {fileID: 0}
  m_PrefabInternal: {fileID: 100100000}
  serializedVersion: 5
  m_Component:
  - component: {fileID: 4279892729639888}
  m_Layer: 0
  m_Name: Bip02 R Clavicle
  m_TagString: Untagged
  m_Icon: {fileID: 0}
  m_NavMeshLayer: 0
  m_StaticEditorFlags: 0
  m_IsActive: 1
--- !u!1 &1611712804151404
GameObject:
  m_ObjectHideFlags: 0
  m_PrefabParentObject: {fileID: 0}
  m_PrefabInternal: {fileID: 100100000}
  serializedVersion: 5
  m_Component:
  - component: {fileID: 4409739557626194}
  - component: {fileID: 137722099284271238}
  m_Layer: 0
  m_Name: model
  m_TagString: Untagged
  m_Icon: {fileID: 0}
  m_NavMeshLayer: 0
  m_StaticEditorFlags: 0
  m_IsActive: 1
--- !u!1 &1760730486230830
GameObject:
  m_ObjectHideFlags: 0
  m_PrefabParentObject: {fileID: 0}
  m_PrefabInternal: {fileID: 100100000}
  serializedVersion: 5
  m_Component:
  - component: {fileID: 4078857935288032}
  m_Layer: 0
  m_Name: Bone020
  m_TagString: Untagged
  m_Icon: {fileID: 0}
  m_NavMeshLayer: 0
  m_StaticEditorFlags: 0
  m_IsActive: 1
--- !u!1 &1771830117741018
GameObject:
  m_ObjectHideFlags: 0
  m_PrefabParentObject: {fileID: 0}
  m_PrefabInternal: {fileID: 100100000}
  serializedVersion: 5
  m_Component:
  - component: {fileID: 4424412889354656}
  m_Layer: 0
  m_Name: ride
  m_TagString: Untagged
  m_Icon: {fileID: 0}
  m_NavMeshLayer: 0
  m_StaticEditorFlags: 0
  m_IsActive: 1
--- !u!1 &1939801379479722
GameObject:
  m_ObjectHideFlags: 0
  m_PrefabParentObject: {fileID: 0}
  m_PrefabInternal: {fileID: 100100000}
  serializedVersion: 5
  m_Component:
  - component: {fileID: 4990297054441620}
  m_Layer: 0
  m_Name: Bone003
  m_TagString: Untagged
  m_Icon: {fileID: 0}
  m_NavMeshLayer: 0
  m_StaticEditorFlags: 0
  m_IsActive: 1
--- !u!4 &4027331742023646
Transform:
  m_ObjectHideFlags: 1
  m_PrefabParentObject: {fileID: 0}
  m_PrefabInternal: {fileID: 100100000}
  m_GameObject: {fileID: 1068882965039476}
  m_LocalRotation: {x: 0, y: 0, z: 0, w: 1}
  m_LocalPosition: {x: 0, y: 0, z: 0}
  m_LocalScale: {x: 1, y: 1, z: 1}
  m_Children:
  - {fileID: 4541576534909646}
  - {fileID: 4279892729639888}
  - {fileID: 4990297054441620}
  - {fileID: 4078857935288032}
  - {fileID: 4409739557626194}
  - {fileID: 4424412889354656}
  m_Father: {fileID: 0}
  m_RootOrder: 0
  m_LocalEulerAnglesHint: {x: 0, y: 0, z: 0}
--- !u!4 &4078857935288032
Transform:
  m_ObjectHideFlags: 1
  m_PrefabParentObject: {fileID: 0}
  m_PrefabInternal: {fileID: 100100000}
  m_GameObject: {fileID: 1760730486230830}
  m_LocalRotation: {x: -0.4482982, y: -0.54683596, z: -0.4482978, w: -0.5468348}
  m_LocalPosition: {x: 0.0000044822714, y: 3.836928, z: 1.947089}
  m_LocalScale: {x: 1.0000046, y: 1.0000043, z: 1.0000031}
  m_Children: []
  m_Father: {fileID: 4027331742023646}
  m_RootOrder: 3
  m_LocalEulerAnglesHint: {x: 0, y: 0, z: 0}
--- !u!4 &4279892729639888
Transform:
  m_ObjectHideFlags: 1
  m_PrefabParentObject: {fileID: 0}
  m_PrefabInternal: {fileID: 100100000}
  m_GameObject: {fileID: 1571715773181888}
  m_LocalRotation: {x: 0.48713958, y: 0.85816926, z: 0.05211262, w: -0.15337822}
  m_LocalPosition: {x: 0.18556921, y: 2.6271045, z: 1.3484199}
  m_LocalScale: {x: 1.0000039, y: 1.0000031, z: 1.0000033}
  m_Children: []
  m_Father: {fileID: 4027331742023646}
  m_RootOrder: 1
  m_LocalEulerAnglesHint: {x: 0, y: 0, z: 0}
--- !u!4 &4409739557626194
Transform:
  m_ObjectHideFlags: 1
  m_PrefabParentObject: {fileID: 0}
  m_PrefabInternal: {fileID: 100100000}
  m_GameObject: {fileID: 1611712804151404}
  m_LocalRotation: {x: -0.70707107, y: 0.0070107016, z: 0.7070731, w: -0.007008854}
  m_LocalPosition: {x: -0.000000029454204, y: 2.7537584, z: -0.6250126}
  m_LocalScale: {x: 1.0000002, y: 1.0000007, z: 1.0000004}
  m_Children: []
  m_Father: {fileID: 4027331742023646}
  m_RootOrder: 4
  m_LocalEulerAnglesHint: {x: 0, y: 0, z: 0}
--- !u!4 &4424412889354656
Transform:
  m_ObjectHideFlags: 1
  m_PrefabParentObject: {fileID: 0}
  m_PrefabInternal: {fileID: 100100000}
  m_GameObject: {fileID: 1771830117741018}
  m_LocalRotation: {x: -0.70710605, y: -0.00000035390258, z: 0.7071076, w: -0.00000038535174}
  m_LocalPosition: {x: -0.000008082618, y: 3.3528123, z: 0.023802638}
  m_LocalScale: {x: 1.0000012, y: 1.0000024, z: 1.0000014}
  m_Children: []
  m_Father: {fileID: 4027331742023646}
  m_RootOrder: 5
  m_LocalEulerAnglesHint: {x: 0, y: 0, z: 0}
--- !u!4 &4541576534909646
Transform:
  m_ObjectHideFlags: 1
  m_PrefabParentObject: {fileID: 0}
  m_PrefabInternal: {fileID: 100100000}
  m_GameObject: {fileID: 1253229796672180}
  m_LocalRotation: {x: -0.052113086, y: 0.153377, z: -0.4871385, w: -0.8581701}
  m_LocalPosition: {x: -0.1855631, y: 2.6271048, z: 1.3484205}
  m_LocalScale: {x: 1.0000036, y: 1.0000032, z: 1.0000024}
  m_Children: []
  m_Father: {fileID: 4027331742023646}
  m_RootOrder: 0
  m_LocalEulerAnglesHint: {x: 0, y: 0, z: 0}
--- !u!4 &4990297054441620
Transform:
  m_ObjectHideFlags: 1
  m_PrefabParentObject: {fileID: 0}
  m_PrefabInternal: {fileID: 100100000}
  m_GameObject: {fileID: 1939801379479722}
  m_LocalRotation: {x: -0.66528124, y: -0.2395863, z: -0.66528046, w: -0.23958552}
  m_LocalPosition: {x: -0.0000032492467, y: 2.0463967, z: -3.3639898}
  m_LocalScale: {x: 1.0000011, y: 1.0000013, z: 1.000001}
  m_Children: []
  m_Father: {fileID: 4027331742023646}
  m_RootOrder: 2
  m_LocalEulerAnglesHint: {x: 0, y: 0, z: 0}
--- !u!95 &95736790116679624
Animator:
  serializedVersion: 3
  m_ObjectHideFlags: 1
  m_PrefabParentObject: {fileID: 0}
  m_PrefabInternal: {fileID: 100100000}
  m_GameObject: {fileID: 1068882965039476}
  m_Enabled: 1
  m_Avatar: {fileID: 9000000, guid: 0c97e17dfda4e0340976ddfdcf853e05, type: 3}
  m_Controller: {fileID: 9100000, guid: e1fa4c418a851c6448e6371db6d8a21b, type: 2}
  m_CullingMode: 2
  m_UpdateMode: 1
  m_ApplyRootMotion: 0
  m_LinearVelocityBlending: 0
  m_WarningMessage: 
  m_HasTransformHierarchy: 0
  m_AllowConstantClipSamplingOptimization: 1
--- !u!137 &137722099284271238
SkinnedMeshRenderer:
  m_ObjectHideFlags: 1
  m_PrefabParentObject: {fileID: 0}
  m_PrefabInternal: {fileID: 100100000}
  m_GameObject: {fileID: 1611712804151404}
  m_Enabled: 1
  m_CastShadows: 0
  m_ReceiveShadows: 0
  m_MotionVectors: 2
  m_LightProbeUsage: 0
  m_ReflectionProbeUsage: 0
  m_Materials:
  - {fileID: 2100000, guid: 0392123a0d7d7334a852e4bf613338e5, type: 2}
  m_StaticBatchInfo:
    firstSubMesh: 0
    subMeshCount: 0
  m_StaticBatchRoot: {fileID: 0}
  m_ProbeAnchor: {fileID: 0}
  m_LightProbeVolumeOverride: {fileID: 0}
  m_ScaleInLightmap: 1
  m_PreserveUVs: 0
  m_IgnoreNormalsForChartDetection: 0
  m_ImportantGI: 0
  m_SelectedEditorRenderState: 3
  m_MinimumChartSize: 4
  m_AutoUVMaxDistance: 0.5
  m_AutoUVMaxAngle: 89
  m_LightmapParameters: {fileID: 0}
  m_SortingLayerID: 0
  m_SortingLayer: 0
  m_SortingOrder: 0
  serializedVersion: 2
  m_Quality: 0
  m_UpdateWhenOffscreen: 0
  m_SkinnedMotionVectors: 0
  m_Mesh: {fileID: 4300000, guid: 0c97e17dfda4e0340976ddfdcf853e05, type: 3}
  m_Bones: []
  m_BlendShapeWeights: []
  m_RootBone: {fileID: 0}
  m_AABB:
    m_Center: {x: 1.9913375, y: 0.036054373, z: 0.000001847744}
    m_Extent: {x: 5.5806723, y: 2.776375, z: 1.2080562}
  m_DirtyAABB: 0
