%YAML 1.1
%TAG !u! tag:unity3d.com,2011:
--- !u!1001 &100100000
Prefab:
  m_ObjectHideFlags: 1
  serializedVersion: 2
  m_Modification:
    m_TransformParent: {fileID: 0}
    m_Modifications: []
    m_RemovedComponents: []
  m_ParentPrefab: {fileID: 0}
  m_RootGameObject: {fileID: 1006856574999876}
  m_IsPrefabParent: 1
--- !u!1 &1006856574999876
GameObject:
  m_ObjectHideFlags: 0
  m_PrefabParentObject: {fileID: 0}
  m_PrefabInternal: {fileID: 100100000}
  serializedVersion: 5
  m_Component:
  - component: {fileID: 4707148035139170}
  - component: {fileID: 95081848067063798}
  - component: {fileID: 114962020409858696}
  m_Layer: 0
  m_Name: 5631519b
  m_TagString: Untagged
  m_Icon: {fileID: 0}
  m_NavMeshLayer: 0
  m_StaticEditorFlags: 0
  m_IsActive: 1
--- !u!1 &1069370651750774
GameObject:
  m_ObjectHideFlags: 0
  m_PrefabParentObject: {fileID: 0}
  m_PrefabInternal: {fileID: 100100000}
  serializedVersion: 5
  m_Component:
  - component: {fileID: 4519070120781224}
  m_Layer: 0
  m_Name: Bone033
  m_TagString: Untagged
  m_Icon: {fileID: 0}
  m_NavMeshLayer: 0
  m_StaticEditorFlags: 0
  m_IsActive: 1
--- !u!1 &1198048921653186
GameObject:
  m_ObjectHideFlags: 0
  m_PrefabParentObject: {fileID: 0}
  m_PrefabInternal: {fileID: 100100000}
  serializedVersion: 5
  m_Component:
  - component: {fileID: 4111301225072220}
  m_Layer: 0
  m_Name: Bone035
  m_TagString: Untagged
  m_Icon: {fileID: 0}
  m_NavMeshLayer: 0
  m_StaticEditorFlags: 0
  m_IsActive: 1
--- !u!1 &1275674731930270
GameObject:
  m_ObjectHideFlags: 0
  m_PrefabParentObject: {fileID: 0}
  m_PrefabInternal: {fileID: 100100000}
  serializedVersion: 5
  m_Component:
  - component: {fileID: 4220655291854354}
  - component: {fileID: 137893700078024368}
  m_Layer: 0
  m_Name: default
  m_TagString: Untagged
  m_Icon: {fileID: 0}
  m_NavMeshLayer: 0
  m_StaticEditorFlags: 0
  m_IsActive: 1
--- !u!1 &1364876020872200
GameObject:
  m_ObjectHideFlags: 0
  m_PrefabParentObject: {fileID: 0}
  m_PrefabInternal: {fileID: 100100000}
  serializedVersion: 5
  m_Component:
  - component: {fileID: 4838177006072418}
  m_Layer: 0
  m_Name: Bone034
  m_TagString: Untagged
  m_Icon: {fileID: 0}
  m_NavMeshLayer: 0
  m_StaticEditorFlags: 0
  m_IsActive: 1
--- !u!1 &1561613130877178
GameObject:
  m_ObjectHideFlags: 0
  m_PrefabParentObject: {fileID: 0}
  m_PrefabInternal: {fileID: 100100000}
  serializedVersion: 5
  m_Component:
  - component: {fileID: 4542204615596874}
  m_Layer: 0
  m_Name: Bone041
  m_TagString: Untagged
  m_Icon: {fileID: 0}
  m_NavMeshLayer: 0
  m_StaticEditorFlags: 0
  m_IsActive: 1
--- !u!1 &1871980690413414
GameObject:
  m_ObjectHideFlags: 0
  m_PrefabParentObject: {fileID: 0}
  m_PrefabInternal: {fileID: 100100000}
  serializedVersion: 5
  m_Component:
  - component: {fileID: 4595141167885994}
  m_Layer: 0
  m_Name: Bone040
  m_TagString: Untagged
  m_Icon: {fileID: 0}
  m_NavMeshLayer: 0
  m_StaticEditorFlags: 0
  m_IsActive: 1
--- !u!1 &1975704334118738
GameObject:
  m_ObjectHideFlags: 0
  m_PrefabParentObject: {fileID: 0}
  m_PrefabInternal: {fileID: 100100000}
  serializedVersion: 5
  m_Component:
  - component: {fileID: 4923392776660872}
  m_Layer: 0
  m_Name: Bone042
  m_TagString: Untagged
  m_Icon: {fileID: 0}
  m_NavMeshLayer: 0
  m_StaticEditorFlags: 0
  m_IsActive: 1
--- !u!4 &4111301225072220
Transform:
  m_ObjectHideFlags: 1
  m_PrefabParentObject: {fileID: 0}
  m_PrefabInternal: {fileID: 100100000}
  m_GameObject: {fileID: 1198048921653186}
  m_LocalRotation: {x: 0.9681998, y: -0.19392495, z: -0.15395361, w: 0.035784695}
  m_LocalPosition: {x: -2.0204885, y: 0.2249618, z: 0.77630633}
  m_LocalScale: {x: 1.0000001, y: 0.9999991, z: 0.9999996}
  m_Children: []
  m_Father: {fileID: 4707148035139170}
  m_RootOrder: 2
  m_LocalEulerAnglesHint: {x: 0, y: 0, z: 0}
--- !u!4 &4220655291854354
Transform:
  m_ObjectHideFlags: 1
  m_PrefabParentObject: {fileID: 0}
  m_PrefabInternal: {fileID: 100100000}
  m_GameObject: {fileID: 1275674731930270}
  m_LocalRotation: {x: -0.044015102, y: 0.16714734, z: 0.2704206, w: -0.9470993}
  m_LocalPosition: {x: 0.4333328, y: 0.7506008, z: 0.2160099}
  m_LocalScale: {x: -0.99999994, y: -0.9999995, z: -0.9999995}
  m_Children: []
  m_Father: {fileID: 4707148035139170}
  m_RootOrder: 6
  m_LocalEulerAnglesHint: {x: 0, y: 0, z: 0}
--- !u!4 &4519070120781224
Transform:
  m_ObjectHideFlags: 1
  m_PrefabParentObject: {fileID: 0}
  m_PrefabInternal: {fileID: 100100000}
  m_GameObject: {fileID: 1069370651750774}
  m_LocalRotation: {x: 0.94709927, y: 0.27042043, z: -0.16714785, w: -0.0440152}
  m_LocalPosition: {x: -0.42087567, y: 0.7506008, z: 0.21601008}
  m_LocalScale: {x: 1.0000007, y: 0.999999, z: 0.9999998}
  m_Children: []
  m_Father: {fileID: 4707148035139170}
  m_RootOrder: 0
  m_LocalEulerAnglesHint: {x: 0, y: 0, z: 0}
--- !u!4 &4542204615596874
Transform:
  m_ObjectHideFlags: 1
  m_PrefabParentObject: {fileID: 0}
  m_PrefabInternal: {fileID: 100100000}
  m_GameObject: {fileID: 1561613130877178}
  m_LocalRotation: {x: 0.008183826, y: 0.15921041, z: -0.024314463, w: -0.9869113}
  m_LocalPosition: {x: 1.2893133, y: 0.1852777, z: 0.530141}
  m_LocalScale: {x: -0.9999998, y: -0.99999964, z: -0.99999946}
  m_Children: []
  m_Father: {fileID: 4707148035139170}
  m_RootOrder: 4
  m_LocalEulerAnglesHint: {x: 0, y: 0, z: 0}
--- !u!4 &4595141167885994
Transform:
  m_ObjectHideFlags: 1
  m_PrefabParentObject: {fileID: 0}
  m_PrefabInternal: {fileID: 100100000}
  m_GameObject: {fileID: 1871980690413414}
  m_LocalRotation: {x: -0.044015095, y: 0.16714734, z: 0.2704206, w: -0.9470993}
  m_LocalPosition: {x: 0.4333329, y: 0.75060093, z: 0.2160099}
  m_LocalScale: {x: -0.9999998, y: -0.9999994, z: -0.9999995}
  m_Children: []
  m_Father: {fileID: 4707148035139170}
  m_RootOrder: 3
  m_LocalEulerAnglesHint: {x: 0, y: 0, z: 0}
--- !u!4 &4707148035139170
Transform:
  m_ObjectHideFlags: 1
  m_PrefabParentObject: {fileID: 0}
  m_PrefabInternal: {fileID: 100100000}
  m_GameObject: {fileID: 1006856574999876}
  m_LocalRotation: {x: 0, y: 0, z: 0, w: 1}
  m_LocalPosition: {x: 0, y: 0, z: 0}
  m_LocalScale: {x: 1, y: 1, z: 1}
  m_Children:
  - {fileID: 4519070120781224}
  - {fileID: 4838177006072418}
  - {fileID: 4111301225072220}
  - {fileID: 4595141167885994}
  - {fileID: 4542204615596874}
  - {fileID: 4923392776660872}
  - {fileID: 4220655291854354}
  m_Father: {fileID: 0}
  m_RootOrder: 0
  m_LocalEulerAnglesHint: {x: 0, y: 0, z: 0}
--- !u!4 &4838177006072418
Transform:
  m_ObjectHideFlags: 1
  m_PrefabParentObject: {fileID: 0}
  m_PrefabInternal: {fileID: 100100000}
  m_GameObject: {fileID: 1364876020872200}
  m_LocalRotation: {x: 0.9869112, y: -0.024314612, z: -0.15921095, w: 0.008183878}
  m_LocalPosition: {x: -1.2768567, y: 0.1852774, z: 0.53014237}
  m_LocalScale: {x: 1.0000004, y: 0.9999993, z: 0.9999997}
  m_Children: []
  m_Father: {fileID: 4707148035139170}
  m_RootOrder: 1
  m_LocalEulerAnglesHint: {x: 0, y: 0, z: 0}
--- !u!4 &4923392776660872
Transform:
  m_ObjectHideFlags: 1
  m_PrefabParentObject: {fileID: 0}
  m_PrefabInternal: {fileID: 100100000}
  m_GameObject: {fileID: 1975704334118738}
  m_LocalRotation: {x: 0.035784557, y: 0.15395309, z: -0.19392481, w: -0.96819997}
  m_LocalPosition: {x: 2.032945, y: 0.22496185, z: 0.776304}
  m_LocalScale: {x: -0.99999964, y: -0.9999994, z: -0.99999934}
  m_Children: []
  m_Father: {fileID: 4707148035139170}
  m_RootOrder: 5
  m_LocalEulerAnglesHint: {x: 0, y: 0, z: 0}
--- !u!95 &95081848067063798
Animator:
  serializedVersion: 3
  m_ObjectHideFlags: 1
  m_PrefabParentObject: {fileID: 0}
  m_PrefabInternal: {fileID: 100100000}
  m_GameObject: {fileID: 1006856574999876}
  m_Enabled: 1
  m_Avatar: {fileID: 9000000, guid: 342623a29d24ad4499352ae13e944250, type: 3}
  m_Controller: {fileID: 9100000, guid: bd97a10e3f037c843b98edda32402b22, type: 2}
  m_CullingMode: 2
  m_UpdateMode: 1
  m_ApplyRootMotion: 0
  m_LinearVelocityBlending: 0
  m_WarningMessage: 
  m_HasTransformHierarchy: 0
  m_AllowConstantClipSamplingOptimization: 1
--- !u!114 &114962020409858696
MonoBehaviour:
  m_ObjectHideFlags: 1
  m_PrefabParentObject: {fileID: 0}
  m_PrefabInternal: {fileID: 100100000}
  m_GameObject: {fileID: 1006856574999876}
  m_Enabled: 1
  m_EditorHideFlags: 0
  m_Script: {fileID: 11500000, guid: 7409368713d5c3d4cabb6f121204de64, type: 3}
  m_Name: 
  m_EditorClassIdentifier: 
  effectT:
  - {fileID: 4519070120781224}
  - {fileID: 4838177006072418}
  - {fileID: 4111301225072220}
  - {fileID: 4595141167885994}
  - {fileID: 4542204615596874}
  - {fileID: 4923392776660872}
  effects:
  - {fileID: 1777748037205126, guid: 59632ba815985ea4a87dc5472866f5f1, type: 2}
  - {fileID: 1441558083509828, guid: 876dfe245947bf14da5f3fcca964eba3, type: 2}
  - {fileID: 1810124574631314, guid: 113973bb1a4887e4d8c4b468cd39de2e, type: 2}
  - {fileID: 1718830391622384, guid: e57387a65afb636498afa6ad05db0d05, type: 2}
  - {fileID: 1091100515086598, guid: 204121fcfb9ee2247b1d4b9bd8dfc626, type: 2}
  - {fileID: 1020840017251058, guid: f633039b547b6354dac475c55b8984d5, type: 2}
--- !u!137 &137893700078024368
SkinnedMeshRenderer:
  m_ObjectHideFlags: 1
  m_PrefabParentObject: {fileID: 0}
  m_PrefabInternal: {fileID: 100100000}
  m_GameObject: {fileID: 1275674731930270}
  m_Enabled: 1
  m_CastShadows: 0
  m_ReceiveShadows: 0
  m_MotionVectors: 2
  m_LightProbeUsage: 0
  m_ReflectionProbeUsage: 0
  m_Materials:
  - {fileID: 2100000, guid: ee21288863856804c8cc329ff229dbfb, type: 2}
  m_StaticBatchInfo:
    firstSubMesh: 0
    subMeshCount: 0
  m_StaticBatchRoot: {fileID: 0}
  m_ProbeAnchor: {fileID: 0}
  m_LightProbeVolumeOverride: {fileID: 0}
  m_ScaleInLightmap: 1
  m_PreserveUVs: 0
  m_IgnoreNormalsForChartDetection: 0
  m_ImportantGI: 0
  m_SelectedEditorRenderState: 3
  m_MinimumChartSize: 4
  m_AutoUVMaxDistance: 0.5
  m_AutoUVMaxAngle: 89
  m_LightmapParameters: {fileID: 0}
  m_SortingLayerID: 0
  m_SortingLayer: 0
  m_SortingOrder: 0
  serializedVersion: 2
  m_Quality: 0
  m_UpdateWhenOffscreen: 0
  m_SkinnedMotionVectors: 0
  m_Mesh: {fileID: 4300000, guid: 342623a29d24ad4499352ae13e944250, type: 3}
  m_Bones: []
  m_BlendShapeWeights: []
  m_RootBone: {fileID: 0}
  m_AABB:
    m_Center: {x: -0.41446507, y: 0.31765985, z: -1.3968217}
    m_Extent: {x: 4.3610516, y: 3.4184659, z: 1.8829415}
  m_DirtyAABB: 0
