%YAML 1.1
%TAG !u! tag:unity3d.com,2011:
--- !u!1001 &100100000
Prefab:
  m_ObjectHideFlags: 1
  serializedVersion: 2
  m_Modification:
    m_TransformParent: {fileID: 0}
    m_Modifications: []
    m_RemovedComponents: []
  m_ParentPrefab: {fileID: 0}
  m_RootGameObject: {fileID: 1029741741813850}
  m_IsPrefabParent: 1
--- !u!1 &1029741741813850
GameObject:
  m_ObjectHideFlags: 0
  m_PrefabParentObject: {fileID: 0}
  m_PrefabInternal: {fileID: 100100000}
  serializedVersion: 5
  m_Component:
  - component: {fileID: 4013058507201678}
  m_Layer: 0
  m_Name: c6
  m_TagString: Untagged
  m_Icon: {fileID: 0}
  m_NavMeshLayer: 0
  m_StaticEditorFlags: 0
  m_IsActive: 1
--- !u!1 &1099620339172852
GameObject:
  m_ObjectHideFlags: 1
  m_PrefabParentObject: {fileID: 0}
  m_PrefabInternal: {fileID: 100100000}
  serializedVersion: 5
  m_Component:
  - component: {fileID: 4078689509993568}
  - component: {fileID: 33683676561682586}
  - component: {fileID: 23700794137286576}
  - component: {fileID: 114233477224774550}
  - component: {fileID: 114915150180514950}
  - component: {fileID: 114030281476756982}
  m_Layer: 0
  m_Name: D_light
  m_TagString: Untagged
  m_Icon: {fileID: 0}
  m_NavMeshLayer: 0
  m_StaticEditorFlags: 0
  m_IsActive: 1
--- !u!1 &1134715270870570
GameObject:
  m_ObjectHideFlags: 1
  m_PrefabParentObject: {fileID: 0}
  m_PrefabInternal: {fileID: 100100000}
  serializedVersion: 5
  m_Component:
  - component: {fileID: 4723581077398296}
  - component: {fileID: 33347123290659094}
  - component: {fileID: 23633248271135368}
  - component: {fileID: 114837078554191394}
  m_Layer: 0
  m_Name: Cylinder001 (1)
  m_TagString: Untagged
  m_Icon: {fileID: 0}
  m_NavMeshLayer: 0
  m_StaticEditorFlags: 0
  m_IsActive: 1
--- !u!1 &1277719643863058
GameObject:
  m_ObjectHideFlags: 1
  m_PrefabParentObject: {fileID: 0}
  m_PrefabInternal: {fileID: 100100000}
  serializedVersion: 5
  m_Component:
  - component: {fileID: 4558129970558730}
  - component: {fileID: 33065828556196568}
  - component: {fileID: 23010481144637732}
  - component: {fileID: 114872804468500304}
  m_Layer: 0
  m_Name: Cylinder001 (1)
  m_TagString: Untagged
  m_Icon: {fileID: 0}
  m_NavMeshLayer: 0
  m_StaticEditorFlags: 0
  m_IsActive: 1
--- !u!1 &1728096864958570
GameObject:
  m_ObjectHideFlags: 0
  m_PrefabParentObject: {fileID: 0}
  m_PrefabInternal: {fileID: 100100000}
  serializedVersion: 5
  m_Component:
  - component: {fileID: 4154858662455044}
  - component: {fileID: 33259538382400158}
  - component: {fileID: 23976529991766786}
  - component: {fileID: 114048171675342534}
  - component: {fileID: 114627179182287910}
  - component: {fileID: 114101514740298836}
  - component: {fileID: 114201511664521176}
  m_Layer: 0
  m_Name: fazhen
  m_TagString: Untagged
  m_Icon: {fileID: 0}
  m_NavMeshLayer: 0
  m_StaticEditorFlags: 0
  m_IsActive: 1
--- !u!1 &1765678120055934
GameObject:
  m_ObjectHideFlags: 1
  m_PrefabParentObject: {fileID: 0}
  m_PrefabInternal: {fileID: 100100000}
  serializedVersion: 5
  m_Component:
  - component: {fileID: 4611444600049762}
  - component: {fileID: 33719386575020242}
  - component: {fileID: 23238118257990928}
  - component: {fileID: 114474368718134388}
  m_Layer: 0
  m_Name: Cylinder001 (1)
  m_TagString: Untagged
  m_Icon: {fileID: 0}
  m_NavMeshLayer: 0
  m_StaticEditorFlags: 0
  m_IsActive: 1
--- !u!1 &1848376496628736
GameObject:
  m_ObjectHideFlags: 1
  m_PrefabParentObject: {fileID: 0}
  m_PrefabInternal: {fileID: 100100000}
  serializedVersion: 5
  m_Component:
  - component: {fileID: 4080247064838610}
  - component: {fileID: 114923824375565494}
  m_Layer: 0
  m_Name: dian
  m_TagString: Untagged
  m_Icon: {fileID: 0}
  m_NavMeshLayer: 0
  m_StaticEditorFlags: 0
  m_IsActive: 1
--- !u!1 &1894733089680118
GameObject:
  m_ObjectHideFlags: 1
  m_PrefabParentObject: {fileID: 0}
  m_PrefabInternal: {fileID: 100100000}
  serializedVersion: 5
  m_Component:
  - component: {fileID: 4254055616845302}
  - component: {fileID: 114328925952247988}
  m_Layer: 0
  m_Name: 3dian
  m_TagString: Untagged
  m_Icon: {fileID: 0}
  m_NavMeshLayer: 0
  m_StaticEditorFlags: 0
  m_IsActive: 1
--- !u!4 &4013058507201678
Transform:
  m_ObjectHideFlags: 1
  m_PrefabParentObject: {fileID: 0}
  m_PrefabInternal: {fileID: 100100000}
  m_GameObject: {fileID: 1029741741813850}
  m_LocalRotation: {x: -0, y: -0, z: -0, w: 1}
  m_LocalPosition: {x: 0, y: 0, z: 0}
  m_LocalScale: {x: 1, y: 1, z: 1}
  m_Children:
  - {fileID: 4154858662455044}
  m_Father: {fileID: 0}
  m_RootOrder: 0
  m_LocalEulerAnglesHint: {x: 0, y: 0, z: 0}
--- !u!4 &4078689509993568
Transform:
  m_ObjectHideFlags: 1
  m_PrefabParentObject: {fileID: 0}
  m_PrefabInternal: {fileID: 100100000}
  m_GameObject: {fileID: 1099620339172852}
  m_LocalRotation: {x: -1, y: -0, z: -0, w: 0}
  m_LocalPosition: {x: 0, y: 0, z: 0.20471701}
  m_LocalScale: {x: 3.0271094, y: 3.027112, z: 4.785122}
  m_Children: []
  m_Father: {fileID: 4154858662455044}
  m_RootOrder: 0
  m_LocalEulerAnglesHint: {x: -90, y: 0, z: 0}
--- !u!4 &4080247064838610
Transform:
  m_ObjectHideFlags: 1
  m_PrefabParentObject: {fileID: 0}
  m_PrefabInternal: {fileID: 100100000}
  m_GameObject: {fileID: 1848376496628736}
  m_LocalRotation: {x: -1, y: -0, z: -0, w: 0}
  m_LocalPosition: {x: 0, y: 0, z: 0.20471701}
  m_LocalScale: {x: 2.3872044, y: 2.3872056, z: 3.773587}
  m_Children:
  - {fileID: 4558129970558730}
  m_Father: {fileID: 4154858662455044}
  m_RootOrder: 1
  m_LocalEulerAnglesHint: {x: 0, y: 0, z: 0}
--- !u!4 &4154858662455044
Transform:
  m_ObjectHideFlags: 1
  m_PrefabParentObject: {fileID: 0}
  m_PrefabInternal: {fileID: 100100000}
  m_GameObject: {fileID: 1728096864958570}
  m_LocalRotation: {x: 0.7071068, y: -0, z: -0, w: 0.7071068}
  m_LocalPosition: {x: 0, y: 0.295, z: 0}
  m_LocalScale: {x: 1.1455369, y: 1.1455376, z: 0.72467744}
  m_Children:
  - {fileID: 4078689509993568}
  - {fileID: 4080247064838610}
  - {fileID: 4254055616845302}
  m_Father: {fileID: 4013058507201678}
  m_RootOrder: 0
  m_LocalEulerAnglesHint: {x: 90, y: 0, z: 0}
--- !u!4 &4254055616845302
Transform:
  m_ObjectHideFlags: 1
  m_PrefabParentObject: {fileID: 0}
  m_PrefabInternal: {fileID: 100100000}
  m_GameObject: {fileID: 1894733089680118}
  m_LocalRotation: {x: -1, y: -0, z: -0, w: 0}
  m_LocalPosition: {x: 0, y: 0, z: -0.0028302372}
  m_LocalScale: {x: 2.052996, y: 2.0529969, z: 3.245285}
  m_Children:
  - {fileID: 4723581077398296}
  - {fileID: 4611444600049762}
  m_Father: {fileID: 4154858662455044}
  m_RootOrder: 2
  m_LocalEulerAnglesHint: {x: 0, y: 0, z: 0}
--- !u!4 &4558129970558730
Transform:
  m_ObjectHideFlags: 1
  m_PrefabParentObject: {fileID: 0}
  m_PrefabInternal: {fileID: 100100000}
  m_GameObject: {fileID: 1277719643863058}
  m_LocalRotation: {x: 0.7071068, y: 0, z: 0, w: 0.7071068}
  m_LocalPosition: {x: 0, y: 0, z: 0}
  m_LocalScale: {x: 0.135, y: 0.1, z: 0.135}
  m_Children: []
  m_Father: {fileID: 4080247064838610}
  m_RootOrder: 0
  m_LocalEulerAnglesHint: {x: 90, y: 0, z: 0}
--- !u!4 &4611444600049762
Transform:
  m_ObjectHideFlags: 1
  m_PrefabParentObject: {fileID: 0}
  m_PrefabInternal: {fileID: 100100000}
  m_GameObject: {fileID: 1765678120055934}
  m_LocalRotation: {x: -0, y: 0.7071068, z: 0.7071068, w: 0}
  m_LocalPosition: {x: 0, y: 0, z: 0}
  m_LocalScale: {x: 0.13500012, y: 0.015000004, z: 0.13500018}
  m_Children: []
  m_Father: {fileID: 4254055616845302}
  m_RootOrder: 1
  m_LocalEulerAnglesHint: {x: 90, y: 0, z: 0}
--- !u!4 &4723581077398296
Transform:
  m_ObjectHideFlags: 1
  m_PrefabParentObject: {fileID: 0}
  m_PrefabInternal: {fileID: 100100000}
  m_GameObject: {fileID: 1134715270870570}
  m_LocalRotation: {x: 0.7071068, y: 0, z: 0, w: 0.7071068}
  m_LocalPosition: {x: 0, y: 0, z: 0}
  m_LocalScale: {x: 0.135, y: 0.015, z: 0.135}
  m_Children: []
  m_Father: {fileID: 4254055616845302}
  m_RootOrder: 0
  m_LocalEulerAnglesHint: {x: 90, y: 0, z: 0}
--- !u!23 &23010481144637732
MeshRenderer:
  m_ObjectHideFlags: 1
  m_PrefabParentObject: {fileID: 0}
  m_PrefabInternal: {fileID: 100100000}
  m_GameObject: {fileID: 1277719643863058}
  m_Enabled: 1
  m_CastShadows: 1
  m_ReceiveShadows: 1
  m_MotionVectors: 1
  m_LightProbeUsage: 1
  m_ReflectionProbeUsage: 1
  m_Materials:
  - {fileID: 2100000, guid: a58a8dcc7de0f66438713967fd5d0a3b, type: 2}
  m_StaticBatchInfo:
    firstSubMesh: 0
    subMeshCount: 0
  m_StaticBatchRoot: {fileID: 0}
  m_ProbeAnchor: {fileID: 0}
  m_LightProbeVolumeOverride: {fileID: 0}
  m_ScaleInLightmap: 1
  m_PreserveUVs: 0
  m_IgnoreNormalsForChartDetection: 0
  m_ImportantGI: 0
  m_SelectedEditorRenderState: 3
  m_MinimumChartSize: 4
  m_AutoUVMaxDistance: 0.5
  m_AutoUVMaxAngle: 89
  m_LightmapParameters: {fileID: 0}
  m_SortingLayerID: 0
  m_SortingLayer: 0
  m_SortingOrder: 0
--- !u!23 &23238118257990928
MeshRenderer:
  m_ObjectHideFlags: 1
  m_PrefabParentObject: {fileID: 0}
  m_PrefabInternal: {fileID: 100100000}
  m_GameObject: {fileID: 1765678120055934}
  m_Enabled: 1
  m_CastShadows: 1
  m_ReceiveShadows: 1
  m_MotionVectors: 1
  m_LightProbeUsage: 1
  m_ReflectionProbeUsage: 1
  m_Materials:
  - {fileID: 2100000, guid: 15cbb65bdd24b034fb687a39c4912e60, type: 2}
  m_StaticBatchInfo:
    firstSubMesh: 0
    subMeshCount: 0
  m_StaticBatchRoot: {fileID: 0}
  m_ProbeAnchor: {fileID: 0}
  m_LightProbeVolumeOverride: {fileID: 0}
  m_ScaleInLightmap: 1
  m_PreserveUVs: 0
  m_IgnoreNormalsForChartDetection: 0
  m_ImportantGI: 0
  m_SelectedEditorRenderState: 3
  m_MinimumChartSize: 4
  m_AutoUVMaxDistance: 0.5
  m_AutoUVMaxAngle: 89
  m_LightmapParameters: {fileID: 0}
  m_SortingLayerID: 0
  m_SortingLayer: 0
  m_SortingOrder: 0
--- !u!23 &23633248271135368
MeshRenderer:
  m_ObjectHideFlags: 1
  m_PrefabParentObject: {fileID: 0}
  m_PrefabInternal: {fileID: 100100000}
  m_GameObject: {fileID: 1134715270870570}
  m_Enabled: 1
  m_CastShadows: 1
  m_ReceiveShadows: 1
  m_MotionVectors: 1
  m_LightProbeUsage: 1
  m_ReflectionProbeUsage: 1
  m_Materials:
  - {fileID: 2100000, guid: 15cbb65bdd24b034fb687a39c4912e60, type: 2}
  m_StaticBatchInfo:
    firstSubMesh: 0
    subMeshCount: 0
  m_StaticBatchRoot: {fileID: 0}
  m_ProbeAnchor: {fileID: 0}
  m_LightProbeVolumeOverride: {fileID: 0}
  m_ScaleInLightmap: 1
  m_PreserveUVs: 0
  m_IgnoreNormalsForChartDetection: 0
  m_ImportantGI: 0
  m_SelectedEditorRenderState: 3
  m_MinimumChartSize: 4
  m_AutoUVMaxDistance: 0.5
  m_AutoUVMaxAngle: 89
  m_LightmapParameters: {fileID: 0}
  m_SortingLayerID: 0
  m_SortingLayer: 0
  m_SortingOrder: 0
--- !u!23 &23700794137286576
MeshRenderer:
  m_ObjectHideFlags: 1
  m_PrefabParentObject: {fileID: 0}
  m_PrefabInternal: {fileID: 100100000}
  m_GameObject: {fileID: 1099620339172852}
  m_Enabled: 1
  m_CastShadows: 1
  m_ReceiveShadows: 1
  m_MotionVectors: 1
  m_LightProbeUsage: 1
  m_ReflectionProbeUsage: 1
  m_Materials:
  - {fileID: 2100000, guid: 4fd5617fda6192e4a9a33e8371d03636, type: 2}
  m_StaticBatchInfo:
    firstSubMesh: 0
    subMeshCount: 0
  m_StaticBatchRoot: {fileID: 0}
  m_ProbeAnchor: {fileID: 0}
  m_LightProbeVolumeOverride: {fileID: 0}
  m_ScaleInLightmap: 1
  m_PreserveUVs: 1
  m_IgnoreNormalsForChartDetection: 0
  m_ImportantGI: 0
  m_SelectedEditorRenderState: 3
  m_MinimumChartSize: 4
  m_AutoUVMaxDistance: 0.5
  m_AutoUVMaxAngle: 89
  m_LightmapParameters: {fileID: 0}
  m_SortingLayerID: 0
  m_SortingLayer: 0
  m_SortingOrder: 0
--- !u!23 &23976529991766786
MeshRenderer:
  m_ObjectHideFlags: 1
  m_PrefabParentObject: {fileID: 0}
  m_PrefabInternal: {fileID: 100100000}
  m_GameObject: {fileID: 1728096864958570}
  m_Enabled: 1
  m_CastShadows: 1
  m_ReceiveShadows: 1
  m_MotionVectors: 1
  m_LightProbeUsage: 1
  m_ReflectionProbeUsage: 1
  m_Materials:
  - {fileID: 2100000, guid: 7aa41486c410c6047bf977f5f49039df, type: 2}
  - {fileID: 2100000, guid: edded3ad29d50a44a98d04b5ef80bd87, type: 2}
  m_StaticBatchInfo:
    firstSubMesh: 0
    subMeshCount: 0
  m_StaticBatchRoot: {fileID: 0}
  m_ProbeAnchor: {fileID: 0}
  m_LightProbeVolumeOverride: {fileID: 0}
  m_ScaleInLightmap: 1
  m_PreserveUVs: 1
  m_IgnoreNormalsForChartDetection: 0
  m_ImportantGI: 0
  m_SelectedEditorRenderState: 3
  m_MinimumChartSize: 4
  m_AutoUVMaxDistance: 0.5
  m_AutoUVMaxAngle: 89
  m_LightmapParameters: {fileID: 0}
  m_SortingLayerID: 0
  m_SortingLayer: 0
  m_SortingOrder: 0
--- !u!33 &33065828556196568
MeshFilter:
  m_ObjectHideFlags: 1
  m_PrefabParentObject: {fileID: 0}
  m_PrefabInternal: {fileID: 100100000}
  m_GameObject: {fileID: 1277719643863058}
  m_Mesh: {fileID: 4300002, guid: 3958229e840014846b12180cce457bf8, type: 3}
--- !u!33 &33259538382400158
MeshFilter:
  m_ObjectHideFlags: 1
  m_PrefabParentObject: {fileID: 0}
  m_PrefabInternal: {fileID: 100100000}
  m_GameObject: {fileID: 1728096864958570}
  m_Mesh: {fileID: 4300000, guid: 926082dacf977214292d175fa1385b0d, type: 3}
--- !u!33 &33347123290659094
MeshFilter:
  m_ObjectHideFlags: 1
  m_PrefabParentObject: {fileID: 0}
  m_PrefabInternal: {fileID: 100100000}
  m_GameObject: {fileID: 1134715270870570}
  m_Mesh: {fileID: 4300002, guid: 3958229e840014846b12180cce457bf8, type: 3}
--- !u!33 &33683676561682586
MeshFilter:
  m_ObjectHideFlags: 1
  m_PrefabParentObject: {fileID: 0}
  m_PrefabInternal: {fileID: 100100000}
  m_GameObject: {fileID: 1099620339172852}
  m_Mesh: {fileID: 10210, guid: 0000000000000000e000000000000000, type: 0}
--- !u!33 &33719386575020242
MeshFilter:
  m_ObjectHideFlags: 1
  m_PrefabParentObject: {fileID: 0}
  m_PrefabInternal: {fileID: 100100000}
  m_GameObject: {fileID: 1765678120055934}
  m_Mesh: {fileID: 4300002, guid: 3958229e840014846b12180cce457bf8, type: 3}
--- !u!114 &114030281476756982
MonoBehaviour:
  m_ObjectHideFlags: 1
  m_PrefabParentObject: {fileID: 0}
  m_PrefabInternal: {fileID: 100100000}
  m_GameObject: {fileID: 1099620339172852}
  m_Enabled: 0
  m_EditorHideFlags: 0
  m_Script: {fileID: 11500000, guid: cf45079e8401cd041810f865e7e9b280, type: 3}
  m_Name: 
  m_EditorClassIdentifier: 
  curve:
    serializedVersion: 2
    m_Curve:
    - serializedVersion: 2
      time: 0
      value: 0
      inSlope: -0
      outSlope: -0
      tangentMode: 0
    - serializedVersion: 2
      time: 1
      value: 1
      inSlope: 0
      outSlope: 0
      tangentMode: 0
    m_PreInfinity: 2
    m_PostInfinity: 2
    m_RotationOrder: 0
  startDealy: 0
  lifeTime: 2
  style: 2
  from: {x: 0, y: 0, z: 0}
  to: {x: 0, y: 2.6, z: 0}
--- !u!114 &114048171675342534
MonoBehaviour:
  m_ObjectHideFlags: 1
  m_PrefabParentObject: {fileID: 0}
  m_PrefabInternal: {fileID: 100100000}
  m_GameObject: {fileID: 1728096864958570}
  m_Enabled: 1
  m_EditorHideFlags: 0
  m_Script: {fileID: 11500000, guid: 8354080d5d36cbc4690e8ba8c3ccc96a, type: 3}
  m_Name: 
  m_EditorClassIdentifier: 
  curve:
    serializedVersion: 2
    m_Curve:
    - serializedVersion: 2
      time: 0
      value: 0
      inSlope: 0
      outSlope: 1
      tangentMode: 0
    - serializedVersion: 2
      time: 1
      value: 1
      inSlope: 1
      outSlope: 0
      tangentMode: 0
    m_PreInfinity: 2
    m_PostInfinity: 2
    m_RotationOrder: 4
  startDealy: 0
  lifeTime: 20
  style: 3
  speed: {x: 0, y: 360, z: 0}
--- !u!114 &114101514740298836
MonoBehaviour:
  m_ObjectHideFlags: 1
  m_PrefabParentObject: {fileID: 0}
  m_PrefabInternal: {fileID: 100100000}
  m_GameObject: {fileID: 1728096864958570}
  m_Enabled: 1
  m_EditorHideFlags: 0
  m_Script: {fileID: 11500000, guid: b337aba193a25b64b8c9685ceb27f56c, type: 3}
  m_Name: 
  m_EditorClassIdentifier: 
  curve:
    serializedVersion: 2
    m_Curve:
    - serializedVersion: 2
      time: 0
      value: 0
      inSlope: 0
      outSlope: 1
      tangentMode: 0
    - serializedVersion: 2
      time: 1
      value: 1
      inSlope: 1
      outSlope: 0
      tangentMode: 0
    m_PreInfinity: 2
    m_PostInfinity: 2
    m_RotationOrder: 4
  startDealy: 0
  lifeTime: 1
  style: 3
  gradient:
    serializedVersion: 2
    key0: {r: 0, g: 0, b: 0, a: 1}
    key1: {r: 0, g: 0, b: 0, a: 1}
    key2: {r: 0, g: 0, b: 0, a: 0}
    key3: {r: 0, g: 0, b: 0, a: 0}
    key4: {r: 0, g: 0, b: 0, a: 0}
    key5: {r: 0, g: 0, b: 0, a: 0}
    key6: {r: 0, g: 0, b: 0, a: 0}
    key7: {r: 0, g: 0, b: 0, a: 0}
    ctime0: 0
    ctime1: 65535
    ctime2: 0
    ctime3: 0
    ctime4: 0
    ctime5: 0
    ctime6: 0
    ctime7: 0
    atime0: 0
    atime1: 65535
    atime2: 0
    atime3: 0
    atime4: 0
    atime5: 0
    atime6: 0
    atime7: 0
    m_Mode: 0
    m_NumColorKeys: 2
    m_NumAlphaKeys: 2
  includeChildren: 0
  matName: _Color
  mode: 1
  filtlerRenderList:
  - {fileID: 23976529991766786}
  filtlerRenderIndexList:
  - 12
--- !u!114 &114201511664521176
MonoBehaviour:
  m_ObjectHideFlags: 1
  m_PrefabParentObject: {fileID: 0}
  m_PrefabInternal: {fileID: 100100000}
  m_GameObject: {fileID: 1728096864958570}
  m_Enabled: 1
  m_EditorHideFlags: 0
  m_Script: {fileID: 11500000, guid: b337aba193a25b64b8c9685ceb27f56c, type: 3}
  m_Name: 
  m_EditorClassIdentifier: 
  curve:
    serializedVersion: 2
    m_Curve:
    - serializedVersion: 2
      time: 0
      value: 0
      inSlope: 0
      outSlope: 1
      tangentMode: 0
    - serializedVersion: 2
      time: 1
      value: 1
      inSlope: 1
      outSlope: 0
      tangentMode: 0
    m_PreInfinity: 2
    m_PostInfinity: 2
    m_RotationOrder: 4
  startDealy: 0
  lifeTime: 1
  style: 0
  gradient:
    serializedVersion: 2
    key0: {r: 0.99705887, g: 0.78676474, b: 1, a: 1}
    key1: {r: 0.99705887, g: 0.78676474, b: 1, a: 1}
    key2: {r: 0, g: 0, b: 0, a: 0}
    key3: {r: 0, g: 0, b: 0, a: 0}
    key4: {r: 0, g: 0, b: 0, a: 0}
    key5: {r: 0, g: 0, b: 0, a: 0}
    key6: {r: 0, g: 0, b: 0, a: 0}
    key7: {r: 0, g: 0, b: 0, a: 0}
    ctime0: 0
    ctime1: 65535
    ctime2: 0
    ctime3: 0
    ctime4: 0
    ctime5: 0
    ctime6: 0
    ctime7: 0
    atime0: 0
    atime1: 65535
    atime2: 0
    atime3: 0
    atime4: 0
    atime5: 0
    atime6: 0
    atime7: 0
    m_Mode: 0
    m_NumColorKeys: 2
    m_NumAlphaKeys: 2
  includeChildren: 0
  matName: _Color
  mode: 1
  filtlerRenderList:
  - {fileID: 23976529991766786}
  filtlerRenderIndexList:
  - 01
--- !u!114 &114233477224774550
MonoBehaviour:
  m_ObjectHideFlags: 1
  m_PrefabParentObject: {fileID: 0}
  m_PrefabInternal: {fileID: 100100000}
  m_GameObject: {fileID: 1099620339172852}
  m_Enabled: 0
  m_EditorHideFlags: 0
  m_Script: {fileID: 11500000, guid: 8354080d5d36cbc4690e8ba8c3ccc96a, type: 3}
  m_Name: 
  m_EditorClassIdentifier: 
  curve:
    serializedVersion: 2
    m_Curve:
    - serializedVersion: 2
      time: 0
      value: 0
      inSlope: 0
      outSlope: 1
      tangentMode: 0
    - serializedVersion: 2
      time: 1
      value: 1
      inSlope: 1
      outSlope: 0
      tangentMode: 0
    m_PreInfinity: 2
    m_PostInfinity: 2
    m_RotationOrder: 4
  startDealy: 0
  lifeTime: 20
  style: 3
  speed: {x: 0, y: 360, z: 0}
--- !u!114 &114328925952247988
MonoBehaviour:
  m_ObjectHideFlags: 1
  m_PrefabParentObject: {fileID: 0}
  m_PrefabInternal: {fileID: 100100000}
  m_GameObject: {fileID: 1894733089680118}
  m_Enabled: 1
  m_EditorHideFlags: 0
  m_Script: {fileID: 11500000, guid: 8354080d5d36cbc4690e8ba8c3ccc96a, type: 3}
  m_Name: 
  m_EditorClassIdentifier: 
  curve:
    serializedVersion: 2
    m_Curve:
    - serializedVersion: 2
      time: 0
      value: 0
      inSlope: 0
      outSlope: 1
      tangentMode: 0
    - serializedVersion: 2
      time: 1
      value: 1
      inSlope: 1
      outSlope: 0
      tangentMode: 0
    m_PreInfinity: 2
    m_PostInfinity: 2
    m_RotationOrder: 4
  startDealy: 0
  lifeTime: 2.5
  style: 3
  speed: {x: 0, y: 0, z: -360}
--- !u!114 &114474368718134388
MonoBehaviour:
  m_ObjectHideFlags: 1
  m_PrefabParentObject: {fileID: 0}
  m_PrefabInternal: {fileID: 100100000}
  m_GameObject: {fileID: 1765678120055934}
  m_Enabled: 1
  m_EditorHideFlags: 0
  m_Script: {fileID: 11500000, guid: b337aba193a25b64b8c9685ceb27f56c, type: 3}
  m_Name: 
  m_EditorClassIdentifier: 
  curve:
    serializedVersion: 2
    m_Curve:
    - serializedVersion: 2
      time: 0
      value: 0
      inSlope: 0
      outSlope: 1
      tangentMode: 0
    - serializedVersion: 2
      time: 1
      value: 1
      inSlope: 1
      outSlope: 0
      tangentMode: 0
    m_PreInfinity: 2
    m_PostInfinity: 2
    m_RotationOrder: 4
  startDealy: 0
  lifeTime: 1
  style: 3
  gradient:
    serializedVersion: 2
    key0: {r: 0, g: 0, b: 0, a: 0.32156864}
    key1: {r: 0, g: 0, b: 0, a: 0.32156864}
    key2: {r: 0, g: 0, b: 0, a: 0}
    key3: {r: 0, g: 0, b: 0, a: 0}
    key4: {r: 0, g: 0, b: 0, a: 0}
    key5: {r: 0, g: 0, b: 0, a: 0}
    key6: {r: 0, g: 0, b: 0, a: 0}
    key7: {r: 0, g: 0, b: 0, a: 0}
    ctime0: 0
    ctime1: 65535
    ctime2: 0
    ctime3: 0
    ctime4: 0
    ctime5: 0
    ctime6: 0
    ctime7: 0
    atime0: 0
    atime1: 65535
    atime2: 0
    atime3: 0
    atime4: 0
    atime5: 0
    atime6: 0
    atime7: 0
    m_Mode: 0
    m_NumColorKeys: 2
    m_NumAlphaKeys: 2
  includeChildren: 0
  matName: _Color
  mode: 1
  filtlerRenderList: []
  filtlerRenderIndexList: []
--- !u!114 &114627179182287910
MonoBehaviour:
  m_ObjectHideFlags: 1
  m_PrefabParentObject: {fileID: 0}
  m_PrefabInternal: {fileID: 100100000}
  m_GameObject: {fileID: 1728096864958570}
  m_Enabled: 1
  m_EditorHideFlags: 0
  m_Script: {fileID: 11500000, guid: 9384286f419336249809365b29dc52f0, type: 3}
  m_Name: 
  m_EditorClassIdentifier: 
  curve:
    serializedVersion: 2
    m_Curve:
    - serializedVersion: 2
      time: 0
      value: 0
      inSlope: 0
      outSlope: 1
      tangentMode: 0
    - serializedVersion: 2
      time: 1
      value: 1
      inSlope: 1
      outSlope: 0
      tangentMode: 0
    m_PreInfinity: 2
    m_PostInfinity: 2
    m_RotationOrder: 4
  startDealy: 0
  lifeTime: 1
  style: 3
  from: {x: 0, y: 0, z: 0.5, w: 0.1}
  to: {x: 0, y: 0.1, z: 0.5, w: 0.4}
  includeChildren: 0
  matName: _FlowUVParam
  mode: 1
  filtlerRenderList:
  - {fileID: 23976529991766786}
  filtlerRenderIndexList:
  - 02
--- !u!114 &114837078554191394
MonoBehaviour:
  m_ObjectHideFlags: 1
  m_PrefabParentObject: {fileID: 0}
  m_PrefabInternal: {fileID: 100100000}
  m_GameObject: {fileID: 1134715270870570}
  m_Enabled: 1
  m_EditorHideFlags: 0
  m_Script: {fileID: 11500000, guid: b337aba193a25b64b8c9685ceb27f56c, type: 3}
  m_Name: 
  m_EditorClassIdentifier: 
  curve:
    serializedVersion: 2
    m_Curve:
    - serializedVersion: 2
      time: 0
      value: 0
      inSlope: 0
      outSlope: 1
      tangentMode: 0
    - serializedVersion: 2
      time: 1
      value: 1
      inSlope: 1
      outSlope: 0
      tangentMode: 0
    m_PreInfinity: 2
    m_PostInfinity: 2
    m_RotationOrder: 4
  startDealy: 0
  lifeTime: 1
  style: 3
  gradient:
    serializedVersion: 2
    key0: {r: 0, g: 0, b: 0, a: 0.32156864}
    key1: {r: 0, g: 0, b: 0, a: 0.32156864}
    key2: {r: 0, g: 0, b: 0, a: 0}
    key3: {r: 0, g: 0, b: 0, a: 0}
    key4: {r: 0, g: 0, b: 0, a: 0}
    key5: {r: 0, g: 0, b: 0, a: 0}
    key6: {r: 0, g: 0, b: 0, a: 0}
    key7: {r: 0, g: 0, b: 0, a: 0}
    ctime0: 0
    ctime1: 65535
    ctime2: 0
    ctime3: 0
    ctime4: 0
    ctime5: 0
    ctime6: 0
    ctime7: 0
    atime0: 0
    atime1: 65535
    atime2: 0
    atime3: 0
    atime4: 0
    atime5: 0
    atime6: 0
    atime7: 0
    m_Mode: 0
    m_NumColorKeys: 2
    m_NumAlphaKeys: 2
  includeChildren: 0
  matName: _Color
  mode: 1
  filtlerRenderList: []
  filtlerRenderIndexList: []
--- !u!114 &114872804468500304
MonoBehaviour:
  m_ObjectHideFlags: 1
  m_PrefabParentObject: {fileID: 0}
  m_PrefabInternal: {fileID: 100100000}
  m_GameObject: {fileID: 1277719643863058}
  m_Enabled: 1
  m_EditorHideFlags: 0
  m_Script: {fileID: 11500000, guid: b337aba193a25b64b8c9685ceb27f56c, type: 3}
  m_Name: 
  m_EditorClassIdentifier: 
  curve:
    serializedVersion: 2
    m_Curve:
    - serializedVersion: 2
      time: 0
      value: 0
      inSlope: 0
      outSlope: 1
      tangentMode: 0
    - serializedVersion: 2
      time: 1
      value: 1
      inSlope: 1
      outSlope: 0
      tangentMode: 0
    m_PreInfinity: 2
    m_PostInfinity: 2
    m_RotationOrder: 4
  startDealy: 0
  lifeTime: 1
  style: 3
  gradient:
    serializedVersion: 2
    key0: {r: 0, g: 0, b: 0, a: 0.27450982}
    key1: {r: 0, g: 0, b: 0, a: 0.27450982}
    key2: {r: 0, g: 0, b: 0, a: 0}
    key3: {r: 0, g: 0, b: 0, a: 0}
    key4: {r: 0, g: 0, b: 0, a: 0}
    key5: {r: 0, g: 0, b: 0, a: 0}
    key6: {r: 0, g: 0, b: 0, a: 0}
    key7: {r: 0, g: 0, b: 0, a: 0}
    ctime0: 0
    ctime1: 65535
    ctime2: 0
    ctime3: 0
    ctime4: 0
    ctime5: 0
    ctime6: 0
    ctime7: 0
    atime0: 0
    atime1: 65535
    atime2: 0
    atime3: 0
    atime4: 0
    atime5: 0
    atime6: 0
    atime7: 0
    m_Mode: 0
    m_NumColorKeys: 2
    m_NumAlphaKeys: 2
  includeChildren: 0
  matName: _Color
  mode: 1
  filtlerRenderList: []
  filtlerRenderIndexList: []
--- !u!114 &114915150180514950
MonoBehaviour:
  m_ObjectHideFlags: 1
  m_PrefabParentObject: {fileID: 0}
  m_PrefabInternal: {fileID: 100100000}
  m_GameObject: {fileID: 1099620339172852}
  m_Enabled: 1
  m_EditorHideFlags: 0
  m_Script: {fileID: 11500000, guid: b337aba193a25b64b8c9685ceb27f56c, type: 3}
  m_Name: 
  m_EditorClassIdentifier: 
  curve:
    serializedVersion: 2
    m_Curve:
    - serializedVersion: 2
      time: 0
      value: 0
      inSlope: 0
      outSlope: 1
      tangentMode: 0
    - serializedVersion: 2
      time: 1
      value: 1
      inSlope: 1
      outSlope: 0
      tangentMode: 0
    m_PreInfinity: 2
    m_PostInfinity: 2
    m_RotationOrder: 4
  startDealy: 0
  lifeTime: 2
  style: 2
  gradient:
    serializedVersion: 2
    key0: {r: 0, g: 0, b: 0, a: 0.39215687}
    key1: {r: 0, g: 0, b: 0, a: 0.105882354}
    key2: {r: 0, g: 0, b: 0, a: 0.39215687}
    key3: {r: 0, g: 0, b: 0, a: 0}
    key4: {r: 0, g: 0, b: 0, a: 0}
    key5: {r: 0, g: 0, b: 0, a: 0}
    key6: {r: 0, g: 0, b: 0, a: 0}
    key7: {r: 0, g: 0, b: 0, a: 0}
    ctime0: 0
    ctime1: 65535
    ctime2: 0
    ctime3: 0
    ctime4: 0
    ctime5: 0
    ctime6: 0
    ctime7: 0
    atime0: 386
    atime1: 32768
    atime2: 65535
    atime3: 0
    atime4: 0
    atime5: 0
    atime6: 0
    atime7: 0
    m_Mode: 0
    m_NumColorKeys: 2
    m_NumAlphaKeys: 3
  includeChildren: 0
  matName: _Color
  mode: 1
  filtlerRenderList: []
  filtlerRenderIndexList: []
--- !u!114 &114923824375565494
MonoBehaviour:
  m_ObjectHideFlags: 1
  m_PrefabParentObject: {fileID: 0}
  m_PrefabInternal: {fileID: 100100000}
  m_GameObject: {fileID: 1848376496628736}
  m_Enabled: 1
  m_EditorHideFlags: 0
  m_Script: {fileID: 11500000, guid: 8354080d5d36cbc4690e8ba8c3ccc96a, type: 3}
  m_Name: 
  m_EditorClassIdentifier: 
  curve:
    serializedVersion: 2
    m_Curve:
    - serializedVersion: 2
      time: 0
      value: 0
      inSlope: 0
      outSlope: 1
      tangentMode: 0
    - serializedVersion: 2
      time: 1
      value: 1
      inSlope: 1
      outSlope: 0
      tangentMode: 0
    m_PreInfinity: 2
    m_PostInfinity: 2
    m_RotationOrder: 4
  startDealy: 0
  lifeTime: 3
  style: 3
  speed: {x: 0, y: 0, z: -360}
