%YAML 1.1
%TAG !u! tag:unity3d.com,2011:
--- !u!1001 &100100000
Prefab:
  m_ObjectHideFlags: 1
  serializedVersion: 2
  m_Modification:
    m_TransformParent: {fileID: 0}
    m_Modifications: []
    m_RemovedComponents: []
  m_ParentPrefab: {fileID: 0}
  m_RootGameObject: {fileID: 1057911285638964}
  m_IsPrefabParent: 1
--- !u!1 &1057911285638964
GameObject:
  m_ObjectHideFlags: 0
  m_PrefabParentObject: {fileID: 0}
  m_PrefabInternal: {fileID: 100100000}
  serializedVersion: 5
  m_Component:
  - component: {fileID: 4252796859292316}
  m_Layer: 0
  m_Name: d1
  m_TagString: Untagged
  m_Icon: {fileID: 0}
  m_NavMeshLayer: 0
  m_StaticEditorFlags: 0
  m_IsActive: 1
--- !u!1 &1569509521089420
GameObject:
  m_ObjectHideFlags: 0
  m_PrefabParentObject: {fileID: 0}
  m_PrefabInternal: {fileID: 100100000}
  serializedVersion: 5
  m_Component:
  - component: {fileID: 4241389295570334}
  - component: {fileID: 33294905315947546}
  - component: {fileID: 23801692391464110}
  - component: {fileID: 114906504084135712}
  - component: {fileID: 114384208563682242}
  m_Layer: 0
  m_Name: guang01
  m_TagString: Untagged
  m_Icon: {fileID: 0}
  m_NavMeshLayer: 0
  m_StaticEditorFlags: 0
  m_IsActive: 1
--- !u!1 &1645694523253874
GameObject:
  m_ObjectHideFlags: 0
  m_PrefabParentObject: {fileID: 0}
  m_PrefabInternal: {fileID: 100100000}
  serializedVersion: 5
  m_Component:
  - component: {fileID: 4592850101070794}
  - component: {fileID: 33372973195193872}
  - component: {fileID: 23129571712098230}
  - component: {fileID: 114000612130223236}
  - component: {fileID: 114252278534864940}
  m_Layer: 0
  m_Name: quan
  m_TagString: Untagged
  m_Icon: {fileID: 0}
  m_NavMeshLayer: 0
  m_StaticEditorFlags: 0
  m_IsActive: 1
--- !u!4 &4241389295570334
Transform:
  m_ObjectHideFlags: 1
  m_PrefabParentObject: {fileID: 0}
  m_PrefabInternal: {fileID: 100100000}
  m_GameObject: {fileID: 1569509521089420}
  m_LocalRotation: {x: 0.7071068, y: -0, z: -0, w: 0.7071068}
  m_LocalPosition: {x: 0, y: 0.535, z: 0}
  m_LocalScale: {x: 0.67732996, y: 0.6773307, z: 0.27837035}
  m_Children: []
  m_Father: {fileID: 4252796859292316}
  m_RootOrder: 1
  m_LocalEulerAnglesHint: {x: 90, y: 0, z: 0}
--- !u!4 &4252796859292316
Transform:
  m_ObjectHideFlags: 1
  m_PrefabParentObject: {fileID: 0}
  m_PrefabInternal: {fileID: 100100000}
  m_GameObject: {fileID: 1057911285638964}
  m_LocalRotation: {x: 0, y: 0, z: 0, w: 1}
  m_LocalPosition: {x: 0, y: 0, z: 0}
  m_LocalScale: {x: 1, y: 1, z: 1}
  m_Children:
  - {fileID: 4592850101070794}
  - {fileID: 4241389295570334}
  m_Father: {fileID: 0}
  m_RootOrder: 0
  m_LocalEulerAnglesHint: {x: 0, y: 0, z: 0}
--- !u!4 &4592850101070794
Transform:
  m_ObjectHideFlags: 1
  m_PrefabParentObject: {fileID: 0}
  m_PrefabInternal: {fileID: 100100000}
  m_GameObject: {fileID: 1645694523253874}
  m_LocalRotation: {x: 0.7071068, y: -0, z: -0, w: 0.7071068}
  m_LocalPosition: {x: 0, y: 0.622, z: 0}
  m_LocalScale: {x: 0.5221108, y: 0.52211165, z: 0.52211165}
  m_Children: []
  m_Father: {fileID: 4252796859292316}
  m_RootOrder: 0
  m_LocalEulerAnglesHint: {x: 90, y: 0, z: 0}
--- !u!23 &23129571712098230
MeshRenderer:
  m_ObjectHideFlags: 1
  m_PrefabParentObject: {fileID: 0}
  m_PrefabInternal: {fileID: 100100000}
  m_GameObject: {fileID: 1645694523253874}
  m_Enabled: 1
  m_CastShadows: 1
  m_ReceiveShadows: 1
  m_MotionVectors: 1
  m_LightProbeUsage: 1
  m_ReflectionProbeUsage: 1
  m_Materials:
  - {fileID: 2100000, guid: 50cf1f3546f1ded4f8917b555d05e8aa, type: 2}
  m_StaticBatchInfo:
    firstSubMesh: 0
    subMeshCount: 0
  m_StaticBatchRoot: {fileID: 0}
  m_ProbeAnchor: {fileID: 0}
  m_LightProbeVolumeOverride: {fileID: 0}
  m_ScaleInLightmap: 1
  m_PreserveUVs: 1
  m_IgnoreNormalsForChartDetection: 0
  m_ImportantGI: 0
  m_SelectedEditorRenderState: 3
  m_MinimumChartSize: 4
  m_AutoUVMaxDistance: 0.5
  m_AutoUVMaxAngle: 89
  m_LightmapParameters: {fileID: 0}
  m_SortingLayerID: 0
  m_SortingLayer: 0
  m_SortingOrder: 0
--- !u!23 &23801692391464110
MeshRenderer:
  m_ObjectHideFlags: 1
  m_PrefabParentObject: {fileID: 0}
  m_PrefabInternal: {fileID: 100100000}
  m_GameObject: {fileID: 1569509521089420}
  m_Enabled: 1
  m_CastShadows: 1
  m_ReceiveShadows: 1
  m_MotionVectors: 1
  m_LightProbeUsage: 1
  m_ReflectionProbeUsage: 1
  m_Materials:
  - {fileID: 2100000, guid: 844e35fa097cfc84ab9c2aaf557e05d7, type: 2}
  m_StaticBatchInfo:
    firstSubMesh: 0
    subMeshCount: 0
  m_StaticBatchRoot: {fileID: 0}
  m_ProbeAnchor: {fileID: 0}
  m_LightProbeVolumeOverride: {fileID: 0}
  m_ScaleInLightmap: 1
  m_PreserveUVs: 1
  m_IgnoreNormalsForChartDetection: 0
  m_ImportantGI: 0
  m_SelectedEditorRenderState: 3
  m_MinimumChartSize: 4
  m_AutoUVMaxDistance: 0.5
  m_AutoUVMaxAngle: 89
  m_LightmapParameters: {fileID: 0}
  m_SortingLayerID: 0
  m_SortingLayer: 0
  m_SortingOrder: 0
--- !u!33 &33294905315947546
MeshFilter:
  m_ObjectHideFlags: 1
  m_PrefabParentObject: {fileID: 0}
  m_PrefabInternal: {fileID: 100100000}
  m_GameObject: {fileID: 1569509521089420}
  m_Mesh: {fileID: 4300000, guid: 926082dacf977214292d175fa1385b0d, type: 3}
--- !u!33 &33372973195193872
MeshFilter:
  m_ObjectHideFlags: 1
  m_PrefabParentObject: {fileID: 0}
  m_PrefabInternal: {fileID: 100100000}
  m_GameObject: {fileID: 1645694523253874}
  m_Mesh: {fileID: 4300000, guid: 926082dacf977214292d175fa1385b0d, type: 3}
--- !u!114 &114000612130223236
MonoBehaviour:
  m_ObjectHideFlags: 1
  m_PrefabParentObject: {fileID: 0}
  m_PrefabInternal: {fileID: 100100000}
  m_GameObject: {fileID: 1645694523253874}
  m_Enabled: 1
  m_EditorHideFlags: 0
  m_Script: {fileID: 11500000, guid: 8354080d5d36cbc4690e8ba8c3ccc96a, type: 3}
  m_Name: 
  m_EditorClassIdentifier: 
  curve:
    serializedVersion: 2
    m_Curve:
    - serializedVersion: 2
      time: 0
      value: 0
      inSlope: 0
      outSlope: 1
      tangentMode: 0
    - serializedVersion: 2
      time: 1
      value: 1
      inSlope: 1
      outSlope: 0
      tangentMode: 0
    m_PreInfinity: 2
    m_PostInfinity: 2
    m_RotationOrder: 4
  startDealy: 0
  lifeTime: 20
  style: 3
  speed: {x: 0, y: 360, z: 0}
--- !u!114 &114252278534864940
MonoBehaviour:
  m_ObjectHideFlags: 1
  m_PrefabParentObject: {fileID: 0}
  m_PrefabInternal: {fileID: 100100000}
  m_GameObject: {fileID: 1645694523253874}
  m_Enabled: 1
  m_EditorHideFlags: 0
  m_Script: {fileID: 11500000, guid: b337aba193a25b64b8c9685ceb27f56c, type: 3}
  m_Name: 
  m_EditorClassIdentifier: 
  curve:
    serializedVersion: 2
    m_Curve:
    - serializedVersion: 2
      time: 0
      value: 0
      inSlope: 0
      outSlope: 1
      tangentMode: 0
    - serializedVersion: 2
      time: 1
      value: 1
      inSlope: 1
      outSlope: 0
      tangentMode: 0
    m_PreInfinity: 2
    m_PostInfinity: 2
    m_RotationOrder: 4
  startDealy: 0
  lifeTime: 1
  style: 3
  gradient:
    serializedVersion: 2
    key0: {r: 1, g: 0, b: 0, a: 1}
    key1: {r: 1, g: 0, b: 0, a: 1}
    key2: {r: 0, g: 0, b: 0, a: 0}
    key3: {r: 0, g: 0, b: 0, a: 0}
    key4: {r: 0, g: 0, b: 0, a: 0}
    key5: {r: 0, g: 0, b: 0, a: 0}
    key6: {r: 0, g: 0, b: 0, a: 0}
    key7: {r: 0, g: 0, b: 0, a: 0}
    ctime0: 0
    ctime1: 65535
    ctime2: 0
    ctime3: 0
    ctime4: 0
    ctime5: 0
    ctime6: 0
    ctime7: 0
    atime0: 0
    atime1: 65535
    atime2: 0
    atime3: 0
    atime4: 0
    atime5: 0
    atime6: 0
    atime7: 0
    m_Mode: 0
    m_NumColorKeys: 2
    m_NumAlphaKeys: 2
  includeChildren: 0
  matName: _Color
  mode: 1
  filtlerRenderList: []
  filtlerRenderIndexList: []
--- !u!114 &114384208563682242
MonoBehaviour:
  m_ObjectHideFlags: 1
  m_PrefabParentObject: {fileID: 0}
  m_PrefabInternal: {fileID: 100100000}
  m_GameObject: {fileID: 1569509521089420}
  m_Enabled: 1
  m_EditorHideFlags: 0
  m_Script: {fileID: 11500000, guid: b337aba193a25b64b8c9685ceb27f56c, type: 3}
  m_Name: 
  m_EditorClassIdentifier: 
  curve:
    serializedVersion: 2
    m_Curve:
    - serializedVersion: 2
      time: 0
      value: 0
      inSlope: 0
      outSlope: 1
      tangentMode: 0
    - serializedVersion: 2
      time: 1
      value: 1
      inSlope: 1
      outSlope: 0
      tangentMode: 0
    m_PreInfinity: 2
    m_PostInfinity: 2
    m_RotationOrder: 4
  startDealy: 0
  lifeTime: 2
  style: 2
  gradient:
    serializedVersion: 2
    key0: {r: 1, g: 0, b: 0, a: 0.5647059}
    key1: {r: 1, g: 0, b: 0, a: 0.08627451}
    key2: {r: 0, g: 0, b: 0, a: 0.44705883}
    key3: {r: 0, g: 0, b: 0, a: 0}
    key4: {r: 0, g: 0, b: 0, a: 0}
    key5: {r: 0, g: 0, b: 0, a: 0}
    key6: {r: 0, g: 0, b: 0, a: 0}
    key7: {r: 0, g: 0, b: 0, a: 0}
    ctime0: 0
    ctime1: 65535
    ctime2: 0
    ctime3: 0
    ctime4: 0
    ctime5: 0
    ctime6: 0
    ctime7: 0
    atime0: 0
    atime1: 32768
    atime2: 65535
    atime3: 0
    atime4: 0
    atime5: 0
    atime6: 0
    atime7: 0
    m_Mode: 0
    m_NumColorKeys: 2
    m_NumAlphaKeys: 3
  includeChildren: 0
  matName: _Color
  mode: 1
  filtlerRenderList: []
  filtlerRenderIndexList: []
--- !u!114 &114906504084135712
MonoBehaviour:
  m_ObjectHideFlags: 1
  m_PrefabParentObject: {fileID: 0}
  m_PrefabInternal: {fileID: 100100000}
  m_GameObject: {fileID: 1569509521089420}
  m_Enabled: 1
  m_EditorHideFlags: 0
  m_Script: {fileID: 11500000, guid: 8354080d5d36cbc4690e8ba8c3ccc96a, type: 3}
  m_Name: 
  m_EditorClassIdentifier: 
  curve:
    serializedVersion: 2
    m_Curve:
    - serializedVersion: 2
      time: 0
      value: 0
      inSlope: 0
      outSlope: 1
      tangentMode: 0
    - serializedVersion: 2
      time: 1
      value: 1
      inSlope: 1
      outSlope: 0
      tangentMode: 0
    m_PreInfinity: 2
    m_PostInfinity: 2
    m_RotationOrder: 4
  startDealy: 0
  lifeTime: 20
  style: 3
  speed: {x: 0, y: 360, z: 0}
