%YAML 1.1
%TAG !u! tag:unity3d.com,2011:
--- !u!1001 &100100000
Prefab:
  m_ObjectHideFlags: 1
  serializedVersion: 2
  m_Modification:
    m_TransformParent: {fileID: 0}
    m_Modifications: []
    m_RemovedComponents: []
  m_ParentPrefab: {fileID: 0}
  m_RootGameObject: {fileID: 1696630521437352}
  m_IsPrefabParent: 1
--- !u!1 &1172882171045364
GameObject:
  m_ObjectHideFlags: 0
  m_PrefabParentObject: {fileID: 0}
  m_PrefabInternal: {fileID: 100100000}
  serializedVersion: 5
  m_Component:
  - component: {fileID: 4621343305427218}
  - component: {fileID: 137034814405380848}
  m_Layer: 0
  m_Name: model
  m_TagString: Untagged
  m_Icon: {fileID: 0}
  m_NavMeshLayer: 0
  m_StaticEditorFlags: 0
  m_IsActive: 1
--- !u!1 &1341081479009234
GameObject:
  m_ObjectHideFlags: 0
  m_PrefabParentObject: {fileID: 0}
  m_PrefabInternal: {fileID: 100100000}
  serializedVersion: 5
  m_Component:
  - component: {fileID: 4338508991418236}
  m_Layer: 0
  m_Name: Bip01 R UpperArm
  m_TagString: Untagged
  m_Icon: {fileID: 0}
  m_NavMeshLayer: 0
  m_StaticEditorFlags: 0
  m_IsActive: 1
--- !u!1 &1348966758328956
GameObject:
  m_ObjectHideFlags: 0
  m_PrefabParentObject: {fileID: 0}
  m_PrefabInternal: {fileID: 100100000}
  serializedVersion: 5
  m_Component:
  - component: {fileID: 4672362188174560}
  m_Layer: 0
  m_Name: Bip01 L Forearm
  m_TagString: Untagged
  m_Icon: {fileID: 0}
  m_NavMeshLayer: 0
  m_StaticEditorFlags: 0
  m_IsActive: 1
--- !u!1 &1696630521437352
GameObject:
  m_ObjectHideFlags: 0
  m_PrefabParentObject: {fileID: 0}
  m_PrefabInternal: {fileID: 100100000}
  serializedVersion: 5
  m_Component:
  - component: {fileID: 4821317614460690}
  - component: {fileID: 95366534021425896}
  - component: {fileID: 114426067124704482}
  m_Layer: 0
  m_Name: 510012
  m_TagString: Untagged
  m_Icon: {fileID: 0}
  m_NavMeshLayer: 0
  m_StaticEditorFlags: 0
  m_IsActive: 1
--- !u!1 &1757379919908662
GameObject:
  m_ObjectHideFlags: 0
  m_PrefabParentObject: {fileID: 0}
  m_PrefabInternal: {fileID: 100100000}
  serializedVersion: 5
  m_Component:
  - component: {fileID: 4983242152472798}
  m_Layer: 0
  m_Name: Bip01 Head
  m_TagString: Untagged
  m_Icon: {fileID: 0}
  m_NavMeshLayer: 0
  m_StaticEditorFlags: 0
  m_IsActive: 1
--- !u!1 &1766611234850604
GameObject:
  m_ObjectHideFlags: 0
  m_PrefabParentObject: {fileID: 0}
  m_PrefabInternal: {fileID: 100100000}
  serializedVersion: 5
  m_Component:
  - component: {fileID: 4270126916233568}
  m_Layer: 0
  m_Name: Bone005
  m_TagString: Untagged
  m_Icon: {fileID: 0}
  m_NavMeshLayer: 0
  m_StaticEditorFlags: 0
  m_IsActive: 1
--- !u!4 &4270126916233568
Transform:
  m_ObjectHideFlags: 1
  m_PrefabParentObject: {fileID: 0}
  m_PrefabInternal: {fileID: 100100000}
  m_GameObject: {fileID: 1766611234850604}
  m_LocalRotation: {x: -0.46624646, y: -0.53161454, z: -0.4662473, w: -0.53161424}
  m_LocalPosition: {x: 0.00000037951224, y: 0.16559833, z: -0.07528616}
  m_LocalScale: {x: 1.0000008, y: 1.0000006, z: 1}
  m_Children: []
  m_Father: {fileID: 4821317614460690}
  m_RootOrder: 3
  m_LocalEulerAnglesHint: {x: 0, y: 0, z: 0}
--- !u!4 &4338508991418236
Transform:
  m_ObjectHideFlags: 1
  m_PrefabParentObject: {fileID: 0}
  m_PrefabInternal: {fileID: 100100000}
  m_GameObject: {fileID: 1341081479009234}
  m_LocalRotation: {x: -0.2091481, y: 0.9766891, z: 0.040126465, w: 0.026931535}
  m_LocalPosition: {x: 0.16723096, y: 0.69115174, z: -0.028286532}
  m_LocalScale: {x: 1.0000013, y: 1.0000019, z: 1.0000018}
  m_Children: []
  m_Father: {fileID: 4821317614460690}
  m_RootOrder: 2
  m_LocalEulerAnglesHint: {x: 0, y: 0, z: 0}
--- !u!4 &4621343305427218
Transform:
  m_ObjectHideFlags: 1
  m_PrefabParentObject: {fileID: 0}
  m_PrefabInternal: {fileID: 100100000}
  m_GameObject: {fileID: 1172882171045364}
  m_LocalRotation: {x: -0.5649589, y: 0.42523175, z: 0.56495845, w: -0.42523092}
  m_LocalPosition: {x: -0.0000000101967625, y: 0.48111477, z: -0.062080488}
  m_LocalScale: {x: 1.0000006, y: 1.0000005, z: 1.0000002}
  m_Children: []
  m_Father: {fileID: 4821317614460690}
  m_RootOrder: 4
  m_LocalEulerAnglesHint: {x: 0, y: 0, z: 0}
--- !u!4 &4672362188174560
Transform:
  m_ObjectHideFlags: 1
  m_PrefabParentObject: {fileID: 0}
  m_PrefabInternal: {fileID: 100100000}
  m_GameObject: {fileID: 1348966758328956}
  m_LocalRotation: {x: 0.047164336, y: 0.0105334595, z: 0.15955637, w: 0.98600525}
  m_LocalPosition: {x: -0.42411894, y: 0.8057364, z: -0.008720614}
  m_LocalScale: {x: 1.000001, y: 1.000001, z: 1.0000023}
  m_Children: []
  m_Father: {fileID: 4821317614460690}
  m_RootOrder: 1
  m_LocalEulerAnglesHint: {x: 0, y: 0, z: 0}
--- !u!4 &4821317614460690
Transform:
  m_ObjectHideFlags: 1
  m_PrefabParentObject: {fileID: 0}
  m_PrefabInternal: {fileID: 100100000}
  m_GameObject: {fileID: 1696630521437352}
  m_LocalRotation: {x: 0, y: 0, z: 0, w: 1}
  m_LocalPosition: {x: 0, y: 0, z: 0}
  m_LocalScale: {x: 1, y: 1, z: 1}
  m_Children:
  - {fileID: 4983242152472798}
  - {fileID: 4672362188174560}
  - {fileID: 4338508991418236}
  - {fileID: 4270126916233568}
  - {fileID: 4621343305427218}
  m_Father: {fileID: 0}
  m_RootOrder: 0
  m_LocalEulerAnglesHint: {x: 0, y: 0, z: 0}
--- !u!4 &4983242152472798
Transform:
  m_ObjectHideFlags: 1
  m_PrefabParentObject: {fileID: 0}
  m_PrefabInternal: {fileID: 100100000}
  m_GameObject: {fileID: 1757379919908662}
  m_LocalRotation: {x: -0.7030136, y: -0.075996056, z: 0.7030093, w: 0.075989835}
  m_LocalPosition: {x: -0.00000074555, y: 0.7508224, z: 0.11990337}
  m_LocalScale: {x: 1.0000025, y: 1.0000032, z: 1.0000012}
  m_Children: []
  m_Father: {fileID: 4821317614460690}
  m_RootOrder: 0
  m_LocalEulerAnglesHint: {x: 0, y: 0, z: 0}
--- !u!95 &95366534021425896
Animator:
  serializedVersion: 3
  m_ObjectHideFlags: 1
  m_PrefabParentObject: {fileID: 0}
  m_PrefabInternal: {fileID: 100100000}
  m_GameObject: {fileID: 1696630521437352}
  m_Enabled: 1
  m_Avatar: {fileID: 9000000, guid: 035ef2ba4b01c154ca8a691e215a5efc, type: 3}
  m_Controller: {fileID: 9100000, guid: 3194373582460514593efbde435b45f7, type: 2}
  m_CullingMode: 2
  m_UpdateMode: 1
  m_ApplyRootMotion: 0
  m_LinearVelocityBlending: 0
  m_WarningMessage: 
  m_HasTransformHierarchy: 0
  m_AllowConstantClipSamplingOptimization: 1
--- !u!114 &114426067124704482
MonoBehaviour:
  m_ObjectHideFlags: 1
  m_PrefabParentObject: {fileID: 0}
  m_PrefabInternal: {fileID: 100100000}
  m_GameObject: {fileID: 1696630521437352}
  m_Enabled: 1
  m_EditorHideFlags: 0
  m_Script: {fileID: 11500000, guid: 7409368713d5c3d4cabb6f121204de64, type: 3}
  m_Name: 
  m_EditorClassIdentifier: 
  effectT:
  - {fileID: 4983242152472798}
  - {fileID: 4672362188174560}
  - {fileID: 4338508991418236}
  - {fileID: 4270126916233568}
  effects:
  - {fileID: 1480185122014200, guid: 98d7daaf1fd6f274fa63c6ad1c643227, type: 2}
  - {fileID: 1269551082384402, guid: 5b1c5998f9b54764988f5e8926610ad9, type: 2}
  - {fileID: 1911734696415522, guid: c416b31f3cc511b47b299f955061b2b3, type: 2}
  - {fileID: 1829686498003848, guid: a8aa8c15188542447927276fc37ed813, type: 2}
--- !u!137 &137034814405380848
SkinnedMeshRenderer:
  m_ObjectHideFlags: 1
  m_PrefabParentObject: {fileID: 0}
  m_PrefabInternal: {fileID: 100100000}
  m_GameObject: {fileID: 1172882171045364}
  m_Enabled: 1
  m_CastShadows: 0
  m_ReceiveShadows: 0
  m_MotionVectors: 2
  m_LightProbeUsage: 0
  m_ReflectionProbeUsage: 0
  m_Materials:
  - {fileID: 2100000, guid: b2a7edfdb4133044fb18b6fb3e746fa8, type: 2}
  m_StaticBatchInfo:
    firstSubMesh: 0
    subMeshCount: 0
  m_StaticBatchRoot: {fileID: 0}
  m_ProbeAnchor: {fileID: 0}
  m_LightProbeVolumeOverride: {fileID: 0}
  m_ScaleInLightmap: 1
  m_PreserveUVs: 0
  m_IgnoreNormalsForChartDetection: 0
  m_ImportantGI: 0
  m_SelectedEditorRenderState: 3
  m_MinimumChartSize: 4
  m_AutoUVMaxDistance: 0.5
  m_AutoUVMaxAngle: 89
  m_LightmapParameters: {fileID: 0}
  m_SortingLayerID: 0
  m_SortingLayer: 0
  m_SortingOrder: 0
  serializedVersion: 2
  m_Quality: 0
  m_UpdateWhenOffscreen: 0
  m_SkinnedMotionVectors: 0
  m_Mesh: {fileID: 4300000, guid: 035ef2ba4b01c154ca8a691e215a5efc, type: 3}
  m_Bones: []
  m_BlendShapeWeights: []
  m_RootBone: {fileID: 0}
  m_AABB:
    m_Center: {x: 0.0049063265, y: 0.10110712, z: 0.0000002682209}
    m_Extent: {x: 0.46926454, y: 0.23899078, z: 0.9395207}
  m_DirtyAABB: 0
