%YAML 1.1
%TAG !u! tag:unity3d.com,2011:
--- !u!1001 &100100000
Prefab:
  m_ObjectHideFlags: 1
  serializedVersion: 2
  m_Modification:
    m_TransformParent: {fileID: 0}
    m_Modifications: []
    m_RemovedComponents: []
  m_ParentPrefab: {fileID: 0}
  m_RootGameObject: {fileID: 1878642288925074}
  m_IsPrefabParent: 1
--- !u!1 &1018844443588840
GameObject:
  m_ObjectHideFlags: 0
  m_PrefabParentObject: {fileID: 0}
  m_PrefabInternal: {fileID: 100100000}
  serializedVersion: 5
  m_Component:
  - component: {fileID: 4231148406732018}
  m_Layer: 0
  m_Name: ride
  m_TagString: Untagged
  m_Icon: {fileID: 0}
  m_NavMeshLayer: 0
  m_StaticEditorFlags: 0
  m_IsActive: 1
--- !u!1 &1107706740275630
GameObject:
  m_ObjectHideFlags: 0
  m_PrefabParentObject: {fileID: 0}
  m_PrefabInternal: {fileID: 100100000}
  serializedVersion: 5
  m_Component:
  - component: {fileID: 4460132443867662}
  - component: {fileID: 137183129562780780}
  m_Layer: 0
  m_Name: Object11
  m_TagString: Untagged
  m_Icon: {fileID: 0}
  m_NavMeshLayer: 0
  m_StaticEditorFlags: 0
  m_IsActive: 1
--- !u!1 &1320055150410330
GameObject:
  m_ObjectHideFlags: 0
  m_PrefabParentObject: {fileID: 0}
  m_PrefabInternal: {fileID: 100100000}
  serializedVersion: 5
  m_Component:
  - component: {fileID: 4443871718412840}
  m_Layer: 0
  m_Name: Bone35(mirrored)
  m_TagString: Untagged
  m_Icon: {fileID: 0}
  m_NavMeshLayer: 0
  m_StaticEditorFlags: 0
  m_IsActive: 1
--- !u!1 &1342969135342826
GameObject:
  m_ObjectHideFlags: 0
  m_PrefabParentObject: {fileID: 0}
  m_PrefabInternal: {fileID: 100100000}
  serializedVersion: 5
  m_Component:
  - component: {fileID: 4226968445139308}
  m_Layer: 0
  m_Name: Bone30(mirrored)
  m_TagString: Untagged
  m_Icon: {fileID: 0}
  m_NavMeshLayer: 0
  m_StaticEditorFlags: 0
  m_IsActive: 1
--- !u!1 &1343992844953068
GameObject:
  m_ObjectHideFlags: 0
  m_PrefabParentObject: {fileID: 0}
  m_PrefabInternal: {fileID: 100100000}
  serializedVersion: 5
  m_Component:
  - component: {fileID: 4784358079747106}
  m_Layer: 0
  m_Name: Bone34
  m_TagString: Untagged
  m_Icon: {fileID: 0}
  m_NavMeshLayer: 0
  m_StaticEditorFlags: 0
  m_IsActive: 1
--- !u!1 &1372010168217032
GameObject:
  m_ObjectHideFlags: 0
  m_PrefabParentObject: {fileID: 0}
  m_PrefabInternal: {fileID: 100100000}
  serializedVersion: 5
  m_Component:
  - component: {fileID: 4440381220295062}
  m_Layer: 0
  m_Name: Bone30
  m_TagString: Untagged
  m_Icon: {fileID: 0}
  m_NavMeshLayer: 0
  m_StaticEditorFlags: 0
  m_IsActive: 1
--- !u!1 &1456592619754680
GameObject:
  m_ObjectHideFlags: 0
  m_PrefabParentObject: {fileID: 0}
  m_PrefabInternal: {fileID: 100100000}
  serializedVersion: 5
  m_Component:
  - component: {fileID: 4671116656635206}
  m_Layer: 0
  m_Name: Bone34(mirrored)
  m_TagString: Untagged
  m_Icon: {fileID: 0}
  m_NavMeshLayer: 0
  m_StaticEditorFlags: 0
  m_IsActive: 1
--- !u!1 &1826693621523582
GameObject:
  m_ObjectHideFlags: 0
  m_PrefabParentObject: {fileID: 0}
  m_PrefabInternal: {fileID: 100100000}
  serializedVersion: 5
  m_Component:
  - component: {fileID: 4694404571186234}
  m_Layer: 0
  m_Name: Bone16
  m_TagString: Untagged
  m_Icon: {fileID: 0}
  m_NavMeshLayer: 0
  m_StaticEditorFlags: 0
  m_IsActive: 1
--- !u!1 &1876132262091408
GameObject:
  m_ObjectHideFlags: 0
  m_PrefabParentObject: {fileID: 0}
  m_PrefabInternal: {fileID: 100100000}
  serializedVersion: 5
  m_Component:
  - component: {fileID: 4984065150687970}
  m_Layer: 0
  m_Name: Bone35
  m_TagString: Untagged
  m_Icon: {fileID: 0}
  m_NavMeshLayer: 0
  m_StaticEditorFlags: 0
  m_IsActive: 1
--- !u!1 &1878642288925074
GameObject:
  m_ObjectHideFlags: 0
  m_PrefabParentObject: {fileID: 0}
  m_PrefabInternal: {fileID: 100100000}
  serializedVersion: 5
  m_Component:
  - component: {fileID: 4342962341732664}
  - component: {fileID: 95875575777838730}
  m_Layer: 0
  m_Name: 1540033
  m_TagString: Untagged
  m_Icon: {fileID: 0}
  m_NavMeshLayer: 0
  m_StaticEditorFlags: 0
  m_IsActive: 1
--- !u!4 &4226968445139308
Transform:
  m_ObjectHideFlags: 1
  m_PrefabParentObject: {fileID: 0}
  m_PrefabInternal: {fileID: 100100000}
  m_GameObject: {fileID: 1342969135342826}
  m_LocalRotation: {x: 0.6456021, y: 0.7050731, z: -0.022403033, w: -0.29252005}
  m_LocalPosition: {x: -1.4400172, y: 2.0094194, z: -2.0979493}
  m_LocalScale: {x: 1.1018881, y: 1.1152433, z: 1.1139152}
  m_Children: []
  m_Father: {fileID: 4342962341732664}
  m_RootOrder: 2
  m_LocalEulerAnglesHint: {x: 0, y: 0, z: 0}
--- !u!4 &4231148406732018
Transform:
  m_ObjectHideFlags: 1
  m_PrefabParentObject: {fileID: 0}
  m_PrefabInternal: {fileID: 100100000}
  m_GameObject: {fileID: 1018844443588840}
  m_LocalRotation: {x: -0.7071683, y: 0.000012823701, z: 0.7070453, w: 0.000011622906}
  m_LocalPosition: {x: 0.00019578077, y: 2.2500694, z: -1.4320616}
  m_LocalScale: {x: 1.5189599, y: 1.3487512, z: 1.1172875}
  m_Children: []
  m_Father: {fileID: 4342962341732664}
  m_RootOrder: 8
  m_LocalEulerAnglesHint: {x: 0, y: 0, z: 0}
--- !u!4 &4342962341732664
Transform:
  m_ObjectHideFlags: 1
  m_PrefabParentObject: {fileID: 0}
  m_PrefabInternal: {fileID: 100100000}
  m_GameObject: {fileID: 1878642288925074}
  m_LocalRotation: {x: 0, y: 0, z: 0, w: 1}
  m_LocalPosition: {x: 0, y: 0, z: 0}
  m_LocalScale: {x: 1, y: 1, z: 1}
  m_Children:
  - {fileID: 4694404571186234}
  - {fileID: 4440381220295062}
  - {fileID: 4226968445139308}
  - {fileID: 4784358079747106}
  - {fileID: 4671116656635206}
  - {fileID: 4984065150687970}
  - {fileID: 4443871718412840}
  - {fileID: 4460132443867662}
  - {fileID: 4231148406732018}
  m_Father: {fileID: 0}
  m_RootOrder: 0
  m_LocalEulerAnglesHint: {x: 0, y: 0, z: 0}
--- !u!4 &4440381220295062
Transform:
  m_ObjectHideFlags: 1
  m_PrefabParentObject: {fileID: 0}
  m_PrefabInternal: {fileID: 100100000}
  m_GameObject: {fileID: 1372010168217032}
  m_LocalRotation: {x: 0.6445834, y: 0.65387374, z: 0.37213454, w: 0.13593104}
  m_LocalPosition: {x: 1.6206698, y: 2.0445564, z: -1.8592471}
  m_LocalScale: {x: 1.1062782, y: 1.1071986, z: 1.1175725}
  m_Children: []
  m_Father: {fileID: 4342962341732664}
  m_RootOrder: 1
  m_LocalEulerAnglesHint: {x: 0, y: 0, z: 0}
--- !u!4 &4443871718412840
Transform:
  m_ObjectHideFlags: 1
  m_PrefabParentObject: {fileID: 0}
  m_PrefabInternal: {fileID: 100100000}
  m_GameObject: {fileID: 1320055150410330}
  m_LocalRotation: {x: -0.033142745, y: 0.61593544, z: 0.74716824, w: 0.24751732}
  m_LocalPosition: {x: -1.9612113, y: 1.3354875, z: 3.9864993}
  m_LocalScale: {x: 1.1037843, y: 1.0977726, z: 1.129496}
  m_Children: []
  m_Father: {fileID: 4342962341732664}
  m_RootOrder: 6
  m_LocalEulerAnglesHint: {x: 0, y: 0, z: 0}
--- !u!4 &4460132443867662
Transform:
  m_ObjectHideFlags: 1
  m_PrefabParentObject: {fileID: 0}
  m_PrefabInternal: {fileID: 100100000}
  m_GameObject: {fileID: 1107706740275630}
  m_LocalRotation: {x: -0.035131425, y: 0.6999769, z: -0.027972043, w: 0.71275216}
  m_LocalPosition: {x: -0.000000032933173, y: 1.3354572, z: -1.5928979}
  m_LocalScale: {x: 1.0766422, y: 1.1371126, z: 1.1172935}
  m_Children: []
  m_Father: {fileID: 4342962341732664}
  m_RootOrder: 7
  m_LocalEulerAnglesHint: {x: 0, y: 0, z: 0}
--- !u!4 &4671116656635206
Transform:
  m_ObjectHideFlags: 1
  m_PrefabParentObject: {fileID: 0}
  m_PrefabInternal: {fileID: 100100000}
  m_GameObject: {fileID: 1456592619754680}
  m_LocalRotation: {x: -0.37531766, y: 0.4895013, z: 0.47667488, w: 0.62634355}
  m_LocalPosition: {x: -1.8666041, y: 1.6630466, z: 2.601746}
  m_LocalScale: {x: 1.0967071, y: 1.1048484, z: 1.1294957}
  m_Children: []
  m_Father: {fileID: 4342962341732664}
  m_RootOrder: 4
  m_LocalEulerAnglesHint: {x: 0, y: 0, z: 0}
--- !u!4 &4694404571186234
Transform:
  m_ObjectHideFlags: 1
  m_PrefabParentObject: {fileID: 0}
  m_PrefabInternal: {fileID: 100100000}
  m_GameObject: {fileID: 1826693621523582}
  m_LocalRotation: {x: -0.09784817, y: -0.76727086, z: -0.044621103, w: -0.6322421}
  m_LocalPosition: {x: -0.0044917464, y: 4.5759935, z: -2.2759118}
  m_LocalScale: {x: 1.1073394, y: 1.1094819, z: 1.1142333}
  m_Children: []
  m_Father: {fileID: 4342962341732664}
  m_RootOrder: 0
  m_LocalEulerAnglesHint: {x: 0, y: 0, z: 0}
--- !u!4 &4784358079747106
Transform:
  m_ObjectHideFlags: 1
  m_PrefabParentObject: {fileID: 0}
  m_PrefabInternal: {fileID: 100100000}
  m_GameObject: {fileID: 1343992844953068}
  m_LocalRotation: {x: -0.63051033, y: 0.17287521, z: 0.36869633, w: 0.6607828}
  m_LocalPosition: {x: 1.931656, y: 1.6545532, z: 2.3714757}
  m_LocalScale: {x: 1.098399, y: 1.1008079, z: 1.1318446}
  m_Children: []
  m_Father: {fileID: 4342962341732664}
  m_RootOrder: 3
  m_LocalEulerAnglesHint: {x: 0, y: 0, z: 0}
--- !u!4 &4984065150687970
Transform:
  m_ObjectHideFlags: 1
  m_PrefabParentObject: {fileID: 0}
  m_PrefabInternal: {fileID: 100100000}
  m_GameObject: {fileID: 1876132262091408}
  m_LocalRotation: {x: -0.61250097, y: -0.22863011, z: -0.087519586, w: 0.7516058}
  m_LocalPosition: {x: 0.9770401, y: 1.2699709, z: 3.3618643}
  m_LocalScale: {x: 1.1005683, y: 1.0986392, z: 1.131845}
  m_Children: []
  m_Father: {fileID: 4342962341732664}
  m_RootOrder: 5
  m_LocalEulerAnglesHint: {x: 0, y: 0, z: 0}
--- !u!95 &95875575777838730
Animator:
  serializedVersion: 3
  m_ObjectHideFlags: 1
  m_PrefabParentObject: {fileID: 0}
  m_PrefabInternal: {fileID: 100100000}
  m_GameObject: {fileID: 1878642288925074}
  m_Enabled: 1
  m_Avatar: {fileID: 9000000, guid: 611d04b2fa2beb84498babbe098077a1, type: 3}
  m_Controller: {fileID: 9100000, guid: 938b22ad8567bcd4081d743d2e8928c7, type: 2}
  m_CullingMode: 2
  m_UpdateMode: 1
  m_ApplyRootMotion: 0
  m_LinearVelocityBlending: 0
  m_WarningMessage: 
  m_HasTransformHierarchy: 0
  m_AllowConstantClipSamplingOptimization: 1
--- !u!137 &137183129562780780
SkinnedMeshRenderer:
  m_ObjectHideFlags: 1
  m_PrefabParentObject: {fileID: 0}
  m_PrefabInternal: {fileID: 100100000}
  m_GameObject: {fileID: 1107706740275630}
  m_Enabled: 1
  m_CastShadows: 0
  m_ReceiveShadows: 0
  m_MotionVectors: 2
  m_LightProbeUsage: 0
  m_ReflectionProbeUsage: 0
  m_Materials:
  - {fileID: 2100000, guid: 571fe8c813b38f04c839c4cd86e46651, type: 2}
  m_StaticBatchInfo:
    firstSubMesh: 0
    subMeshCount: 0
  m_StaticBatchRoot: {fileID: 0}
  m_ProbeAnchor: {fileID: 0}
  m_LightProbeVolumeOverride: {fileID: 0}
  m_ScaleInLightmap: 1
  m_PreserveUVs: 0
  m_IgnoreNormalsForChartDetection: 0
  m_ImportantGI: 0
  m_SelectedEditorRenderState: 3
  m_MinimumChartSize: 4
  m_AutoUVMaxDistance: 0.5
  m_AutoUVMaxAngle: 89
  m_LightmapParameters: {fileID: 0}
  m_SortingLayerID: 0
  m_SortingLayer: 0
  m_SortingOrder: 0
  serializedVersion: 2
  m_Quality: 0
  m_UpdateWhenOffscreen: 0
  m_SkinnedMotionVectors: 0
  m_Mesh: {fileID: 4300000, guid: 611d04b2fa2beb84498babbe098077a1, type: 3}
  m_Bones: []
  m_BlendShapeWeights: []
  m_RootBone: {fileID: 0}
  m_AABB:
    m_Center: {x: -1.9291966, y: 1.4554148, z: 0.50716925}
    m_Extent: {x: 4.577675, y: 3.062214, z: 4.0493274}
  m_DirtyAABB: 0
