%YAML 1.1
%TAG !u! tag:unity3d.com,2011:
--- !u!1001 &100100000
Prefab:
  m_ObjectHideFlags: 1
  serializedVersion: 2
  m_Modification:
    m_TransformParent: {fileID: 0}
    m_Modifications: []
    m_RemovedComponents: []
  m_ParentPrefab: {fileID: 0}
  m_RootGameObject: {fileID: 1893293620205176}
  m_IsPrefabParent: 1
--- !u!1 &1138887921104858
GameObject:
  m_ObjectHideFlags: 0
  m_PrefabParentObject: {fileID: 0}
  m_PrefabInternal: {fileID: 100100000}
  serializedVersion: 5
  m_Component:
  - component: {fileID: 4195537623242356}
  - component: {fileID: 114959788746083304}
  m_Layer: 0
  m_Name: GameObject (1)
  m_TagString: Untagged
  m_Icon: {fileID: 0}
  m_NavMeshLayer: 0
  m_StaticEditorFlags: 0
  m_IsActive: 1
--- !u!1 &1752837674203344
GameObject:
  m_ObjectHideFlags: 0
  m_PrefabParentObject: {fileID: 0}
  m_PrefabInternal: {fileID: 100100000}
  serializedVersion: 5
  m_Component:
  - component: {fileID: 4661811464460304}
  - component: {fileID: 114259479412123342}
  m_Layer: 0
  m_Name: GameObject
  m_TagString: Untagged
  m_Icon: {fileID: 0}
  m_NavMeshLayer: 0
  m_StaticEditorFlags: 0
  m_IsActive: 1
--- !u!1 &1893293620205176
GameObject:
  m_ObjectHideFlags: 0
  m_PrefabParentObject: {fileID: 0}
  m_PrefabInternal: {fileID: 100100000}
  serializedVersion: 5
  m_Component:
  - component: {fileID: 4966931460137618}
  m_Layer: 0
  m_Name: 70004108
  m_TagString: Untagged
  m_Icon: {fileID: 0}
  m_NavMeshLayer: 0
  m_StaticEditorFlags: 0
  m_IsActive: 1
--- !u!4 &4195537623242356
Transform:
  m_ObjectHideFlags: 1
  m_PrefabParentObject: {fileID: 0}
  m_PrefabInternal: {fileID: 100100000}
  m_GameObject: {fileID: 1138887921104858}
  m_LocalRotation: {x: -0, y: -0, z: -0, w: 1}
  m_LocalPosition: {x: 0, y: 0, z: 0}
  m_LocalScale: {x: 1, y: 1, z: 1}
  m_Children: []
  m_Father: {fileID: 4966931460137618}
  m_RootOrder: 1
  m_LocalEulerAnglesHint: {x: 0, y: 0, z: 0}
--- !u!4 &4661811464460304
Transform:
  m_ObjectHideFlags: 1
  m_PrefabParentObject: {fileID: 0}
  m_PrefabInternal: {fileID: 100100000}
  m_GameObject: {fileID: 1752837674203344}
  m_LocalRotation: {x: -0, y: -0, z: -0, w: 1}
  m_LocalPosition: {x: 0, y: 0, z: 0}
  m_LocalScale: {x: 1, y: 1, z: 1}
  m_Children: []
  m_Father: {fileID: 4966931460137618}
  m_RootOrder: 0
  m_LocalEulerAnglesHint: {x: 0, y: 0, z: 0}
--- !u!4 &4966931460137618
Transform:
  m_ObjectHideFlags: 1
  m_PrefabParentObject: {fileID: 0}
  m_PrefabInternal: {fileID: 100100000}
  m_GameObject: {fileID: 1893293620205176}
  m_LocalRotation: {x: 0, y: 0, z: 0, w: 1}
  m_LocalPosition: {x: 0, y: 0, z: 0}
  m_LocalScale: {x: 1, y: 1, z: 1}
  m_Children:
  - {fileID: 4661811464460304}
  - {fileID: 4195537623242356}
  m_Father: {fileID: 0}
  m_RootOrder: 0
  m_LocalEulerAnglesHint: {x: 0, y: 0, z: 0}
--- !u!114 &114259479412123342
MonoBehaviour:
  m_ObjectHideFlags: 1
  m_PrefabParentObject: {fileID: 0}
  m_PrefabInternal: {fileID: 100100000}
  m_GameObject: {fileID: 1752837674203344}
  m_Enabled: 1
  m_EditorHideFlags: 0
  m_Script: {fileID: 11500000, guid: 5fe76539fc27351459975a07a7b060fd, type: 3}
  m_Name: 
  m_EditorClassIdentifier: 
  m_fUserTag: 0
  m_AttachType: 0
  m_fDelayTime: 0
  m_fRepeatTime: 0
  m_nRepeatCount: 0
  m_AttachPrefab: {fileID: 1712806454100408, guid: d45145900f5e06243ae305ec89d0c707,
    type: 2}
  m_fPrefabSpeed: 1
  m_fPrefabLifeTime: 0
  m_bWorldSpace: 0
  m_AddStartPos: {x: 0, y: 0, z: 0}
  m_AccumStartRot: {x: 0, y: 0, z: 0}
  m_RandomRange: {x: 0, y: 0, z: 0}
  m_nSpriteFactoryIndex: -1
  m_bDetachParent: 0
--- !u!114 &114959788746083304
MonoBehaviour:
  m_ObjectHideFlags: 1
  m_PrefabParentObject: {fileID: 0}
  m_PrefabInternal: {fileID: 100100000}
  m_GameObject: {fileID: 1138887921104858}
  m_Enabled: 1
  m_EditorHideFlags: 0
  m_Script: {fileID: 11500000, guid: 5fe76539fc27351459975a07a7b060fd, type: 3}
  m_Name: 
  m_EditorClassIdentifier: 
  m_fUserTag: 0
  m_AttachType: 0
  m_fDelayTime: 0
  m_fRepeatTime: 0
  m_nRepeatCount: 0
  m_AttachPrefab: {fileID: 1786064262764516, guid: 9bd3417003eac5442a55fdf068faae16,
    type: 2}
  m_fPrefabSpeed: 1
  m_fPrefabLifeTime: 0
  m_bWorldSpace: 0
  m_AddStartPos: {x: 0, y: 0, z: 0}
  m_AccumStartRot: {x: 0, y: 0, z: 0}
  m_RandomRange: {x: 0, y: 0, z: 0}
  m_nSpriteFactoryIndex: -1
  m_bDetachParent: 0
