%YAML 1.1
%TAG !u! tag:unity3d.com,2011:
--- !u!1001 &100100000
Prefab:
  m_ObjectHideFlags: 1
  serializedVersion: 2
  m_Modification:
    m_TransformParent: {fileID: 0}
    m_Modifications: []
    m_RemovedComponents: []
  m_ParentPrefab: {fileID: 0}
  m_RootGameObject: {fileID: 1659786325514060}
  m_IsPrefabParent: 1
--- !u!1 &1325904603622876
GameObject:
  m_ObjectHideFlags: 1
  m_PrefabParentObject: {fileID: 0}
  m_PrefabInternal: {fileID: 100100000}
  serializedVersion: 5
  m_Component:
  - component: {fileID: 4006873453593556}
  - component: {fileID: 33198331825905154}
  - component: {fileID: 23934836698898118}
  - component: {fileID: 114177763992186580}
  - component: {fileID: 114724713865819218}
  m_Layer: 19
  m_Name: dis
  m_TagString: Untagged
  m_Icon: {fileID: 0}
  m_NavMeshLayer: 0
  m_StaticEditorFlags: 0
  m_IsActive: 1
--- !u!1 &1652805609679378
GameObject:
  m_ObjectHideFlags: 0
  m_PrefabParentObject: {fileID: 0}
  m_PrefabInternal: {fileID: 100100000}
  serializedVersion: 5
  m_Component:
  - component: {fileID: 4130782941252908}
  - component: {fileID: 114434030723669880}
  m_Layer: 0
  m_Name: GameObject
  m_TagString: Untagged
  m_Icon: {fileID: 0}
  m_NavMeshLayer: 0
  m_StaticEditorFlags: 0
  m_IsActive: 1
--- !u!1 &1659786325514060
GameObject:
  m_ObjectHideFlags: 0
  m_PrefabParentObject: {fileID: 0}
  m_PrefabInternal: {fileID: 100100000}
  serializedVersion: 5
  m_Component:
  - component: {fileID: 4110188965326492}
  m_Layer: 0
  m_Name: 70020028
  m_TagString: Untagged
  m_Icon: {fileID: 0}
  m_NavMeshLayer: 0
  m_StaticEditorFlags: 0
  m_IsActive: 1
--- !u!1 &1692806958524738
GameObject:
  m_ObjectHideFlags: 1
  m_PrefabParentObject: {fileID: 0}
  m_PrefabInternal: {fileID: 100100000}
  serializedVersion: 5
  m_Component:
  - component: {fileID: 4432233277795176}
  - component: {fileID: 33728597400918236}
  - component: {fileID: 23446223975694486}
  - component: {fileID: 114359869047959650}
  - component: {fileID: 114369216758800758}
  - component: {fileID: 114741129448990962}
  m_Layer: 0
  m_Name: www
  m_TagString: Untagged
  m_Icon: {fileID: 0}
  m_NavMeshLayer: 0
  m_StaticEditorFlags: 0
  m_IsActive: 1
--- !u!1 &1732682199542144
GameObject:
  m_ObjectHideFlags: 1
  m_PrefabParentObject: {fileID: 0}
  m_PrefabInternal: {fileID: 100100000}
  serializedVersion: 5
  m_Component:
  - component: {fileID: 4337034512293198}
  - component: {fileID: 33551461461507884}
  - component: {fileID: 23134284030658748}
  - component: {fileID: 114444881713283586}
  - component: {fileID: 114388054047250084}
  - component: {fileID: 114533193592194614}
  m_Layer: 23
  m_Name: www
  m_TagString: Untagged
  m_Icon: {fileID: 0}
  m_NavMeshLayer: 0
  m_StaticEditorFlags: 0
  m_IsActive: 1
--- !u!1 &1916895380881378
GameObject:
  m_ObjectHideFlags: 0
  m_PrefabParentObject: {fileID: 0}
  m_PrefabInternal: {fileID: 100100000}
  serializedVersion: 5
  m_Component:
  - component: {fileID: 4710298700666068}
  m_Layer: 0
  m_Name: 1
  m_TagString: Untagged
  m_Icon: {fileID: 0}
  m_NavMeshLayer: 0
  m_StaticEditorFlags: 0
  m_IsActive: 1
--- !u!4 &4006873453593556
Transform:
  m_ObjectHideFlags: 1
  m_PrefabParentObject: {fileID: 0}
  m_PrefabInternal: {fileID: 100100000}
  m_GameObject: {fileID: 1325904603622876}
  m_LocalRotation: {x: -0.24688645, y: 0.96904445, z: 0, w: -0.000000052683554}
  m_LocalPosition: {x: 0, y: 0, z: 0}
  m_LocalScale: {x: 2, y: 2, z: 2}
  m_Children: []
  m_Father: {fileID: 4710298700666068}
  m_RootOrder: 2
  m_LocalEulerAnglesHint: {x: 0, y: 0, z: 0}
--- !u!4 &4110188965326492
Transform:
  m_ObjectHideFlags: 1
  m_PrefabParentObject: {fileID: 0}
  m_PrefabInternal: {fileID: 100100000}
  m_GameObject: {fileID: 1659786325514060}
  m_LocalRotation: {x: 0, y: 0, z: 0, w: 1}
  m_LocalPosition: {x: 0, y: 0, z: 0}
  m_LocalScale: {x: 1, y: 1, z: 1}
  m_Children:
  - {fileID: 4130782941252908}
  - {fileID: 4710298700666068}
  m_Father: {fileID: 0}
  m_RootOrder: 0
  m_LocalEulerAnglesHint: {x: 0, y: 0, z: 0}
--- !u!4 &4130782941252908
Transform:
  m_ObjectHideFlags: 1
  m_PrefabParentObject: {fileID: 0}
  m_PrefabInternal: {fileID: 100100000}
  m_GameObject: {fileID: 1652805609679378}
  m_LocalRotation: {x: 0, y: 0, z: 0, w: 1}
  m_LocalPosition: {x: 0, y: 0, z: 2.5260515}
  m_LocalScale: {x: 1, y: 1, z: 1}
  m_Children: []
  m_Father: {fileID: 4110188965326492}
  m_RootOrder: 0
  m_LocalEulerAnglesHint: {x: 0, y: 0, z: 0}
--- !u!4 &4337034512293198
Transform:
  m_ObjectHideFlags: 1
  m_PrefabParentObject: {fileID: 0}
  m_PrefabInternal: {fileID: 100100000}
  m_GameObject: {fileID: 1732682199542144}
  m_LocalRotation: {x: 0, y: 0, z: 0, w: 1}
  m_LocalPosition: {x: 0, y: 0, z: 0}
  m_LocalScale: {x: 3, y: 3, z: 3}
  m_Children: []
  m_Father: {fileID: 4710298700666068}
  m_RootOrder: 1
  m_LocalEulerAnglesHint: {x: 0, y: 0, z: 0}
--- !u!4 &4432233277795176
Transform:
  m_ObjectHideFlags: 1
  m_PrefabParentObject: {fileID: 0}
  m_PrefabInternal: {fileID: 100100000}
  m_GameObject: {fileID: 1692806958524738}
  m_LocalRotation: {x: 0, y: 0, z: 0, w: 1}
  m_LocalPosition: {x: 0, y: 0, z: 0}
  m_LocalScale: {x: 3, y: 3, z: 3}
  m_Children: []
  m_Father: {fileID: 4710298700666068}
  m_RootOrder: 0
  m_LocalEulerAnglesHint: {x: 0, y: 0, z: 0}
--- !u!4 &4710298700666068
Transform:
  m_ObjectHideFlags: 1
  m_PrefabParentObject: {fileID: 0}
  m_PrefabInternal: {fileID: 100100000}
  m_GameObject: {fileID: 1916895380881378}
  m_LocalRotation: {x: 0.5782184, y: 0.40701786, z: -0.5782184, w: -0.40701786}
  m_LocalPosition: {x: 0.29439276, y: 0.8, z: 0.5309502}
  m_LocalScale: {x: 4, y: 4, z: 2.3}
  m_Children:
  - {fileID: 4432233277795176}
  - {fileID: 4337034512293198}
  - {fileID: 4006873453593556}
  m_Father: {fileID: 4110188965326492}
  m_RootOrder: 1
  m_LocalEulerAnglesHint: {x: 0, y: -90.00001, z: -180}
--- !u!23 &23134284030658748
MeshRenderer:
  m_ObjectHideFlags: 1
  m_PrefabParentObject: {fileID: 0}
  m_PrefabInternal: {fileID: 100100000}
  m_GameObject: {fileID: 1732682199542144}
  m_Enabled: 1
  m_CastShadows: 0
  m_ReceiveShadows: 0
  m_MotionVectors: 1
  m_LightProbeUsage: 0
  m_ReflectionProbeUsage: 1
  m_Materials:
  - {fileID: 0}
  m_StaticBatchInfo:
    firstSubMesh: 0
    subMeshCount: 0
  m_StaticBatchRoot: {fileID: 0}
  m_ProbeAnchor: {fileID: 0}
  m_LightProbeVolumeOverride: {fileID: 0}
  m_ScaleInLightmap: 1
  m_PreserveUVs: 0
  m_IgnoreNormalsForChartDetection: 0
  m_ImportantGI: 0
  m_SelectedEditorRenderState: 3
  m_MinimumChartSize: 4
  m_AutoUVMaxDistance: 0.5
  m_AutoUVMaxAngle: 89
  m_LightmapParameters: {fileID: 0}
  m_SortingLayerID: 0
  m_SortingLayer: 0
  m_SortingOrder: 0
--- !u!23 &23446223975694486
MeshRenderer:
  m_ObjectHideFlags: 1
  m_PrefabParentObject: {fileID: 0}
  m_PrefabInternal: {fileID: 100100000}
  m_GameObject: {fileID: 1692806958524738}
  m_Enabled: 1
  m_CastShadows: 0
  m_ReceiveShadows: 0
  m_MotionVectors: 1
  m_LightProbeUsage: 0
  m_ReflectionProbeUsage: 1
  m_Materials:
  - {fileID: 0}
  m_StaticBatchInfo:
    firstSubMesh: 0
    subMeshCount: 0
  m_StaticBatchRoot: {fileID: 0}
  m_ProbeAnchor: {fileID: 0}
  m_LightProbeVolumeOverride: {fileID: 0}
  m_ScaleInLightmap: 1
  m_PreserveUVs: 0
  m_IgnoreNormalsForChartDetection: 0
  m_ImportantGI: 0
  m_SelectedEditorRenderState: 3
  m_MinimumChartSize: 4
  m_AutoUVMaxDistance: 0.5
  m_AutoUVMaxAngle: 89
  m_LightmapParameters: {fileID: 0}
  m_SortingLayerID: 0
  m_SortingLayer: 0
  m_SortingOrder: 0
--- !u!23 &23934836698898118
MeshRenderer:
  m_ObjectHideFlags: 1
  m_PrefabParentObject: {fileID: 0}
  m_PrefabInternal: {fileID: 100100000}
  m_GameObject: {fileID: 1325904603622876}
  m_Enabled: 1
  m_CastShadows: 0
  m_ReceiveShadows: 0
  m_MotionVectors: 1
  m_LightProbeUsage: 0
  m_ReflectionProbeUsage: 1
  m_Materials:
  - {fileID: 0}
  m_StaticBatchInfo:
    firstSubMesh: 0
    subMeshCount: 0
  m_StaticBatchRoot: {fileID: 0}
  m_ProbeAnchor: {fileID: 0}
  m_LightProbeVolumeOverride: {fileID: 0}
  m_ScaleInLightmap: 1
  m_PreserveUVs: 0
  m_IgnoreNormalsForChartDetection: 0
  m_ImportantGI: 0
  m_SelectedEditorRenderState: 3
  m_MinimumChartSize: 4
  m_AutoUVMaxDistance: 0.5
  m_AutoUVMaxAngle: 89
  m_LightmapParameters: {fileID: 0}
  m_SortingLayerID: 0
  m_SortingLayer: 0
  m_SortingOrder: 0
--- !u!33 &33198331825905154
MeshFilter:
  m_ObjectHideFlags: 1
  m_PrefabParentObject: {fileID: 0}
  m_PrefabInternal: {fileID: 100100000}
  m_GameObject: {fileID: 1325904603622876}
  m_Mesh: {fileID: 4300000, guid: b00a55244ed50334a95795fb0a1c3912, type: 3}
--- !u!33 &33551461461507884
MeshFilter:
  m_ObjectHideFlags: 1
  m_PrefabParentObject: {fileID: 0}
  m_PrefabInternal: {fileID: 100100000}
  m_GameObject: {fileID: 1732682199542144}
  m_Mesh: {fileID: 4300000, guid: 428ee2d958a239144aa3b486aae38c22, type: 3}
--- !u!33 &33728597400918236
MeshFilter:
  m_ObjectHideFlags: 1
  m_PrefabParentObject: {fileID: 0}
  m_PrefabInternal: {fileID: 100100000}
  m_GameObject: {fileID: 1692806958524738}
  m_Mesh: {fileID: 4300000, guid: 428ee2d958a239144aa3b486aae38c22, type: 3}
--- !u!114 &114177763992186580
MonoBehaviour:
  m_ObjectHideFlags: 1
  m_PrefabParentObject: {fileID: 0}
  m_PrefabInternal: {fileID: 100100000}
  m_GameObject: {fileID: 1325904603622876}
  m_Enabled: 1
  m_EditorHideFlags: 0
  m_Script: {fileID: 11500000, guid: 910b0c850665fef4eb14d32ef8efdd1d, type: 3}
  m_Name: 
  m_EditorClassIdentifier: 
  AlphaBlendShader: {fileID: 4800000, guid: b94b8e78adb151f4e8191fb302c0d621, type: 3}
  AdditiveShader: {fileID: 4800000, guid: 0965c22b7c23dc249aca57f9ad39daab, type: 3}
  material: {fileID: 0}
  blend: 1
  layer: 0
  seqType: 0
  savematfile: 1
  color: {r: 0.4852941, g: 0.17068963, b: 0, a: 1}
  brightness: 0.5
  mainTex: {fileID: 2800000, guid: def9a9572932eee46856f4be0de2b128, type: 3}
  uoffset: 0
  voffset: 0
  uscale: 1
  vscale: 1.5
  uvrotate: 0
  maskTex: {fileID: 2800000, guid: 0291202471d159f4bb9088d9052b873c, type: 3}
  maskuoffset: 0
  maskvoffset: 0
  maskuscale: 1
  maskvscale: 1
  maskuvrotate: 90
  flowTex: {fileID: 2800000, guid: c5a2e278544982b4c8c659e819afa715, type: 3}
  flowuspeed: -0.5
  flowvspeed: -2
  flowDelayTime: 0
  flowStopTime: 0.5
  flowOffset: -0.5
  flowRotate: 0
  flowStrengthValue: 1
  flowStrengthCurve:
    serializedVersion: 2
    m_Curve:
    - serializedVersion: 2
      time: 0
      value: 0
      inSlope: 2
      outSlope: 2
      tangentMode: 0
    - serializedVersion: 2
      time: 1
      value: 1
      inSlope: 0
      outSlope: 0
      tangentMode: 0
    m_PreInfinity: 2
    m_PostInfinity: 2
    m_RotationOrder: 4
  tileCol: 1
  tileRow: 1
  seqValue: 0
  delay: 0
  once: 0
--- !u!114 &114359869047959650
MonoBehaviour:
  m_ObjectHideFlags: 1
  m_PrefabParentObject: {fileID: 0}
  m_PrefabInternal: {fileID: 100100000}
  m_GameObject: {fileID: 1692806958524738}
  m_Enabled: 1
  m_EditorHideFlags: 0
  m_Script: {fileID: 11500000, guid: 910b0c850665fef4eb14d32ef8efdd1d, type: 3}
  m_Name: 
  m_EditorClassIdentifier: 
  AlphaBlendShader: {fileID: 4800000, guid: b94b8e78adb151f4e8191fb302c0d621, type: 3}
  AdditiveShader: {fileID: 4800000, guid: 0965c22b7c23dc249aca57f9ad39daab, type: 3}
  material: {fileID: 0}
  blend: 1
  layer: 2
  seqType: 0
  savematfile: 1
  color: {r: 1, g: 0.81541586, b: 0.4852941, a: 1}
  brightness: 1
  mainTex: {fileID: 2800000, guid: 4b1b46b9d7bb6ba428b208945bbf61bb, type: 3}
  uoffset: -0.06
  voffset: 0.1
  uscale: 1
  vscale: 2
  uvrotate: 0
  maskTex: {fileID: 2800000, guid: 0291202471d159f4bb9088d9052b873c, type: 3}
  maskuoffset: 0
  maskvoffset: 0
  maskuscale: 1
  maskvscale: 1
  maskuvrotate: 90
  flowTex: {fileID: 2800000, guid: e56e3fd313c41574fbbab7526bf58c6e, type: 3}
  flowuspeed: 1
  flowvspeed: -2
  flowDelayTime: 0
  flowStopTime: 999
  flowOffset: -0.5
  flowRotate: 0
  flowStrengthValue: 0.2
  flowStrengthCurve:
    serializedVersion: 2
    m_Curve:
    - serializedVersion: 2
      time: 0
      value: 1
      inSlope: 0
      outSlope: 0
      tangentMode: 0
    - serializedVersion: 2
      time: 1
      value: 1
      inSlope: 0
      outSlope: 0
      tangentMode: 0
    m_PreInfinity: 2
    m_PostInfinity: 2
    m_RotationOrder: 4
  tileCol: 1
  tileRow: 1
  seqValue: 0
  delay: 0
  once: 0
--- !u!114 &114369216758800758
MonoBehaviour:
  m_ObjectHideFlags: 1
  m_PrefabParentObject: {fileID: 0}
  m_PrefabInternal: {fileID: 100100000}
  m_GameObject: {fileID: 1692806958524738}
  m_Enabled: 1
  m_EditorHideFlags: 0
  m_Script: {fileID: 11500000, guid: 92d0dba4615c71d45bdbfd7c49b539ca, type: 3}
  m_Name: 
  m_EditorClassIdentifier: 
  m_fUserTag: 0
  m_OnEndAniFunction: OnEndAnimation
  m_CurveInfoList:
  - m_bEnabled: 1
    m_CurveName: 
    m_AniCurve:
      serializedVersion: 2
      m_Curve:
      - serializedVersion: 2
        time: 0
        value: 1
        inSlope: 0
        outSlope: 0
        tangentMode: 0
      - serializedVersion: 2
        time: 0.2397853
        value: -0.008945122
        inSlope: 0
        outSlope: 0
        tangentMode: 0
      - serializedVersion: 2
        time: 0.34507552
        value: 0.28470072
        inSlope: 7.9651747
        outSlope: 7.9651747
        tangentMode: 0
      - serializedVersion: 2
        time: 0.5115607
        value: 1
        inSlope: 0
        outSlope: 0
        tangentMode: 0
      m_PreInfinity: 2
      m_PostInfinity: 2
      m_RotationOrder: 4
    m_ApplyType: 4
    m_bApplyOption: 00000001
    m_bRecursively: 0
    m_fValueScale: 1
    m_FromColor: {x: 1, y: 1, z: 1, w: 1}
    m_ToColor: {x: 1, y: 1, z: 1, w: 0}
    m_nTag: 0
    m_nSortGroup: 0
    m_OriginalValue: {x: 0, y: 0, z: 0, w: 0}
    m_BeforeValue: {x: 0, y: 0, z: 0, w: 0}
    m_ChildOriginalColorValues: []
    m_ChildBeforeColorValues: []
  - m_bEnabled: 1
    m_CurveName: 
    m_AniCurve:
      serializedVersion: 2
      m_Curve:
      - serializedVersion: 2
        time: 0
        value: -1
        inSlope: 3.567012
        outSlope: 3.567012
        tangentMode: 0
      - serializedVersion: 2
        time: 0.3640756
        value: 0.026898984
        inSlope: 0.3546007
        outSlope: 0.3546007
        tangentMode: 0
      - serializedVersion: 2
        time: 1
        value: 0.09622002
        inSlope: 0.0000017847009
        outSlope: 0.0000017847009
        tangentMode: 0
      m_PreInfinity: 2
      m_PostInfinity: 2
      m_RotationOrder: 4
    m_ApplyType: 2
    m_bApplyOption: 00000100
    m_bRecursively: 0
    m_fValueScale: -120
    m_FromColor: {x: 1, y: 1, z: 1, w: 1}
    m_ToColor: {x: 1, y: 1, z: 1, w: 0}
    m_nTag: 0
    m_nSortGroup: 0
    m_OriginalValue: {x: 0, y: 0, z: 0, w: 0}
    m_BeforeValue: {x: 0, y: 0, z: 0, w: 0}
    m_ChildOriginalColorValues: []
    m_ChildBeforeColorValues: []
  m_fDelayTime: 0.55
  m_fDurationTime: 0.3
  m_bAutoDestruct: 0
  m_fAddElapsedTime: 0
--- !u!114 &114388054047250084
MonoBehaviour:
  m_ObjectHideFlags: 1
  m_PrefabParentObject: {fileID: 0}
  m_PrefabInternal: {fileID: 100100000}
  m_GameObject: {fileID: 1732682199542144}
  m_Enabled: 1
  m_EditorHideFlags: 0
  m_Script: {fileID: 11500000, guid: 92d0dba4615c71d45bdbfd7c49b539ca, type: 3}
  m_Name: 
  m_EditorClassIdentifier: 
  m_fUserTag: 0
  m_OnEndAniFunction: OnEndAnimation
  m_CurveInfoList:
  - m_bEnabled: 1
    m_CurveName: 
    m_AniCurve:
      serializedVersion: 2
      m_Curve:
      - serializedVersion: 2
        time: 0
        value: 1
        inSlope: 0
        outSlope: 0
        tangentMode: 0
      - serializedVersion: 2
        time: 0.17355682
        value: 0.008308023
        inSlope: 0
        outSlope: 0
        tangentMode: 0
      - serializedVersion: 2
        time: 0.305763
        value: 0.41139963
        inSlope: 7.9651747
        outSlope: 7.9651747
        tangentMode: 0
      - serializedVersion: 2
        time: 0.44845816
        value: 0.86585367
        inSlope: 0.8189438
        outSlope: 0.8189438
        tangentMode: 0
      - serializedVersion: 2
        time: 1
        value: 1
        inSlope: 0
        outSlope: 0
        tangentMode: 0
      m_PreInfinity: 2
      m_PostInfinity: 2
      m_RotationOrder: 4
    m_ApplyType: 4
    m_bApplyOption: 00000001
    m_bRecursively: 0
    m_fValueScale: 1
    m_FromColor: {x: 1, y: 1, z: 1, w: 1}
    m_ToColor: {x: 1, y: 1, z: 1, w: 0}
    m_nTag: 0
    m_nSortGroup: 0
    m_OriginalValue: {x: 0, y: 0, z: 0, w: 0}
    m_BeforeValue: {x: 0, y: 0, z: 0, w: 0}
    m_ChildOriginalColorValues: []
    m_ChildBeforeColorValues: []
  - m_bEnabled: 1
    m_CurveName: 
    m_AniCurve:
      serializedVersion: 2
      m_Curve:
      - serializedVersion: 2
        time: 0
        value: -1
        inSlope: 3.567012
        outSlope: 3.567012
        tangentMode: 0
      - serializedVersion: 2
        time: 0.3640756
        value: 0.026898984
        inSlope: 0.3546007
        outSlope: 0.3546007
        tangentMode: 0
      - serializedVersion: 2
        time: 1
        value: 0.19378099
        inSlope: 0.0000017847009
        outSlope: 0.0000017847009
        tangentMode: 0
      m_PreInfinity: 2
      m_PostInfinity: 2
      m_RotationOrder: 4
    m_ApplyType: 2
    m_bApplyOption: 00000100
    m_bRecursively: 0
    m_fValueScale: -120
    m_FromColor: {x: 1, y: 1, z: 1, w: 1}
    m_ToColor: {x: 1, y: 1, z: 1, w: 0}
    m_nTag: 0
    m_nSortGroup: 0
    m_OriginalValue: {x: 0, y: 0, z: 0, w: 0}
    m_BeforeValue: {x: 0, y: 0, z: 0, w: 0}
    m_ChildOriginalColorValues: []
    m_ChildBeforeColorValues: []
  m_fDelayTime: 0.55
  m_fDurationTime: 0.35
  m_bAutoDestruct: 0
  m_fAddElapsedTime: 0
--- !u!114 &114434030723669880
MonoBehaviour:
  m_ObjectHideFlags: 1
  m_PrefabParentObject: {fileID: 0}
  m_PrefabInternal: {fileID: 100100000}
  m_GameObject: {fileID: 1652805609679378}
  m_Enabled: 1
  m_EditorHideFlags: 0
  m_Script: {fileID: 11500000, guid: 5fe76539fc27351459975a07a7b060fd, type: 3}
  m_Name: 
  m_EditorClassIdentifier: 
  m_fUserTag: 0
  m_AttachType: 0
  m_fDelayTime: 0.6
  m_fRepeatTime: 0
  m_nRepeatCount: 0
  m_AttachPrefab: {fileID: 1434294209622710, guid: 9ff31cf73c8531d4e99872657b65c10b,
    type: 2}
  m_fPrefabSpeed: 1
  m_fPrefabLifeTime: 0
  m_bWorldSpace: 0
  m_AddStartPos: {x: 0, y: 0, z: 0}
  m_AccumStartRot: {x: 0, y: 0, z: 0}
  m_RandomRange: {x: 0, y: 0, z: 0}
  m_nSpriteFactoryIndex: -1
  m_bDetachParent: 0
--- !u!114 &114444881713283586
MonoBehaviour:
  m_ObjectHideFlags: 1
  m_PrefabParentObject: {fileID: 0}
  m_PrefabInternal: {fileID: 100100000}
  m_GameObject: {fileID: 1732682199542144}
  m_Enabled: 1
  m_EditorHideFlags: 0
  m_Script: {fileID: 11500000, guid: 910b0c850665fef4eb14d32ef8efdd1d, type: 3}
  m_Name: 
  m_EditorClassIdentifier: 
  AlphaBlendShader: {fileID: 4800000, guid: b94b8e78adb151f4e8191fb302c0d621, type: 3}
  AdditiveShader: {fileID: 4800000, guid: 0965c22b7c23dc249aca57f9ad39daab, type: 3}
  material: {fileID: 0}
  blend: 1
  layer: 2
  seqType: 0
  savematfile: 1
  color: {r: 1, g: 0.81541586, b: 0.4852941, a: 1}
  brightness: 1
  mainTex: {fileID: 2800000, guid: a06cc624aaebab14cbd760101674b7db, type: 3}
  uoffset: -0.06
  voffset: 0.1
  uscale: 1
  vscale: 2
  uvrotate: 0
  maskTex: {fileID: 2800000, guid: 0291202471d159f4bb9088d9052b873c, type: 3}
  maskuoffset: 0
  maskvoffset: 0
  maskuscale: 1
  maskvscale: 1
  maskuvrotate: 90
  flowTex: {fileID: 2800000, guid: e56e3fd313c41574fbbab7526bf58c6e, type: 3}
  flowuspeed: 1
  flowvspeed: 1
  flowDelayTime: 0
  flowStopTime: 999
  flowOffset: -0.5
  flowRotate: 0
  flowStrengthValue: 0.2
  flowStrengthCurve:
    serializedVersion: 2
    m_Curve:
    - serializedVersion: 2
      time: 0
      value: 1
      inSlope: 0
      outSlope: 0
      tangentMode: 0
    - serializedVersion: 2
      time: 1
      value: 1
      inSlope: 0
      outSlope: 0
      tangentMode: 0
    m_PreInfinity: 2
    m_PostInfinity: 2
    m_RotationOrder: 4
  tileCol: 1
  tileRow: 1
  seqValue: 0
  delay: 0
  once: 0
--- !u!114 &114533193592194614
MonoBehaviour:
  m_ObjectHideFlags: 1
  m_PrefabParentObject: {fileID: 0}
  m_PrefabInternal: {fileID: 100100000}
  m_GameObject: {fileID: 1732682199542144}
  m_Enabled: 1
  m_EditorHideFlags: 0
  m_Script: {fileID: 11500000, guid: 47b734d6cf544e946a6217f77fe9aa3d, type: 3}
  m_Name: 
  m_EditorClassIdentifier: 
  m_fUserTag: 0
  m_OnEndAniFunction: OnEndAnimation
  m_fScrollSpeedX: 0
  m_fScrollSpeedY: 0
  m_fTilingX: 1
  m_fTilingY: 1
  m_fOffsetX: 0
  m_fOffsetY: 0
  m_bUseSmoothDeltaTime: 0
  m_bFixedTileSize: 0
  m_bRepeat: 1
  m_bAutoDestruct: 0
--- !u!114 &114724713865819218
MonoBehaviour:
  m_ObjectHideFlags: 1
  m_PrefabParentObject: {fileID: 0}
  m_PrefabInternal: {fileID: 100100000}
  m_GameObject: {fileID: 1325904603622876}
  m_Enabled: 1
  m_EditorHideFlags: 0
  m_Script: {fileID: 11500000, guid: 92d0dba4615c71d45bdbfd7c49b539ca, type: 3}
  m_Name: 
  m_EditorClassIdentifier: 
  m_fUserTag: 0
  m_OnEndAniFunction: OnEndAnimation
  m_CurveInfoList:
  - m_bEnabled: 1
    m_CurveName: 
    m_AniCurve:
      serializedVersion: 2
      m_Curve:
      - serializedVersion: 2
        time: 0
        value: 1
        inSlope: 0
        outSlope: 0
        tangentMode: 0
      - serializedVersion: 2
        time: 0.18057787
        value: 0.008308023
        inSlope: 0
        outSlope: 0
        tangentMode: 0
      - serializedVersion: 2
        time: 0.508055
        value: 0.44308946
        inSlope: 2.1925294
        outSlope: 2.1925294
        tangentMode: 0
      - serializedVersion: 2
        time: 1
        value: 1
        inSlope: 0
        outSlope: 0
        tangentMode: 0
      m_PreInfinity: 2
      m_PostInfinity: 2
      m_RotationOrder: 4
    m_ApplyType: 4
    m_bApplyOption: 00000001
    m_bRecursively: 0
    m_fValueScale: 1
    m_FromColor: {x: 1, y: 1, z: 1, w: 1}
    m_ToColor: {x: 1, y: 1, z: 1, w: 0}
    m_nTag: 0
    m_nSortGroup: 0
    m_OriginalValue: {x: 0, y: 0, z: 0, w: 0}
    m_BeforeValue: {x: 0, y: 0, z: 0, w: 0}
    m_ChildOriginalColorValues: []
    m_ChildBeforeColorValues: []
  - m_bEnabled: 1
    m_CurveName: 
    m_AniCurve:
      serializedVersion: 2
      m_Curve:
      - serializedVersion: 2
        time: 0
        value: -1
        inSlope: 3.567012
        outSlope: 3.567012
        tangentMode: 0
      - serializedVersion: 2
        time: 0.3640756
        value: 0.026898984
        inSlope: 0.3546007
        outSlope: 0.3546007
        tangentMode: 0
      - serializedVersion: 2
        time: 1
        value: 0.19378099
        inSlope: 0.0000017847009
        outSlope: 0.0000017847009
        tangentMode: 0
      m_PreInfinity: 2
      m_PostInfinity: 2
      m_RotationOrder: 4
    m_ApplyType: 2
    m_bApplyOption: 00000100
    m_bRecursively: 0
    m_fValueScale: 120
    m_FromColor: {x: 1, y: 1, z: 1, w: 1}
    m_ToColor: {x: 1, y: 1, z: 1, w: 0}
    m_nTag: 0
    m_nSortGroup: 0
    m_OriginalValue: {x: 0, y: 0, z: 0, w: 0}
    m_BeforeValue: {x: 0, y: 0, z: 0, w: 0}
    m_ChildOriginalColorValues: []
    m_ChildBeforeColorValues: []
  m_fDelayTime: 0.55
  m_fDurationTime: 0.35
  m_bAutoDestruct: 0
  m_fAddElapsedTime: 0
--- !u!114 &114741129448990962
MonoBehaviour:
  m_ObjectHideFlags: 1
  m_PrefabParentObject: {fileID: 0}
  m_PrefabInternal: {fileID: 100100000}
  m_GameObject: {fileID: 1692806958524738}
  m_Enabled: 1
  m_EditorHideFlags: 0
  m_Script: {fileID: 11500000, guid: 47b734d6cf544e946a6217f77fe9aa3d, type: 3}
  m_Name: 
  m_EditorClassIdentifier: 
  m_fUserTag: 0
  m_OnEndAniFunction: OnEndAnimation
  m_fScrollSpeedX: 0
  m_fScrollSpeedY: 0
  m_fTilingX: 1
  m_fTilingY: 1
  m_fOffsetX: 0
  m_fOffsetY: 0
  m_bUseSmoothDeltaTime: 0
  m_bFixedTileSize: 0
  m_bRepeat: 1
  m_bAutoDestruct: 0
