%YAML 1.1
%TAG !u! tag:unity3d.com,2011:
--- !u!1001 &100100000
Prefab:
  m_ObjectHideFlags: 1
  serializedVersion: 2
  m_Modification:
    m_TransformParent: {fileID: 0}
    m_Modifications: []
    m_RemovedComponents: []
  m_ParentPrefab: {fileID: 0}
  m_RootGameObject: {fileID: 1498825601053432}
  m_IsPrefabParent: 1
--- !u!1 &1291296756611286
GameObject:
  m_ObjectHideFlags: 1
  m_PrefabParentObject: {fileID: 0}
  m_PrefabInternal: {fileID: 100100000}
  serializedVersion: 5
  m_Component:
  - component: {fileID: 4794706409291054}
  - component: {fileID: 114793114617865604}
  m_Layer: 0
  m_Name: GameObject
  m_TagString: Untagged
  m_Icon: {fileID: 0}
  m_NavMeshLayer: 0
  m_StaticEditorFlags: 0
  m_IsActive: 1
--- !u!1 &1291645904445704
GameObject:
  m_ObjectHideFlags: 1
  m_PrefabParentObject: {fileID: 0}
  m_PrefabInternal: {fileID: 100100000}
  serializedVersion: 5
  m_Component:
  - component: {fileID: 4764190434679962}
  - component: {fileID: 114765728263170074}
  m_Layer: 0
  m_Name: GameObject (1)
  m_TagString: Untagged
  m_Icon: {fileID: 0}
  m_NavMeshLayer: 0
  m_StaticEditorFlags: 0
  m_IsActive: 1
--- !u!1 &1498825601053432
GameObject:
  m_ObjectHideFlags: 0
  m_PrefabParentObject: {fileID: 0}
  m_PrefabInternal: {fileID: 100100000}
  serializedVersion: 5
  m_Component:
  - component: {fileID: 4673161197992396}
  m_Layer: 0
  m_Name: 70020009
  m_TagString: Untagged
  m_Icon: {fileID: 0}
  m_NavMeshLayer: 0
  m_StaticEditorFlags: 0
  m_IsActive: 1
--- !u!1 &1549865092997006
GameObject:
  m_ObjectHideFlags: 1
  m_PrefabParentObject: {fileID: 0}
  m_PrefabInternal: {fileID: 100100000}
  serializedVersion: 5
  m_Component:
  - component: {fileID: 4540181311312730}
  - component: {fileID: 114497567255091074}
  m_Layer: 0
  m_Name: GameObject (2)
  m_TagString: Untagged
  m_Icon: {fileID: 0}
  m_NavMeshLayer: 0
  m_StaticEditorFlags: 0
  m_IsActive: 1
--- !u!1 &1600125998433244
GameObject:
  m_ObjectHideFlags: 0
  m_PrefabParentObject: {fileID: 0}
  m_PrefabInternal: {fileID: 100100000}
  serializedVersion: 5
  m_Component:
  - component: {fileID: 4292991032469378}
  - component: {fileID: 33056129394740952}
  - component: {fileID: 23937582839163456}
  - component: {fileID: 114201483452440838}
  - component: {fileID: 114737384975775466}
  - component: {fileID: 114551533151834330}
  m_Layer: 0
  m_Name: dianguang
  m_TagString: Untagged
  m_Icon: {fileID: 0}
  m_NavMeshLayer: 0
  m_StaticEditorFlags: 0
  m_IsActive: 1
--- !u!1 &1999396875114910
GameObject:
  m_ObjectHideFlags: 0
  m_PrefabParentObject: {fileID: 0}
  m_PrefabInternal: {fileID: 100100000}
  serializedVersion: 5
  m_Component:
  - component: {fileID: 4383318990566142}
  m_Layer: 0
  m_Name: b
  m_TagString: Untagged
  m_Icon: {fileID: 0}
  m_NavMeshLayer: 0
  m_StaticEditorFlags: 0
  m_IsActive: 1
--- !u!4 &4292991032469378
Transform:
  m_ObjectHideFlags: 1
  m_PrefabParentObject: {fileID: 0}
  m_PrefabInternal: {fileID: 100100000}
  m_GameObject: {fileID: 1600125998433244}
  m_LocalRotation: {x: 0, y: 0, z: 0, w: 1}
  m_LocalPosition: {x: 0.10636419, y: 1.7516818, z: 3.517582}
  m_LocalScale: {x: 2.051375, y: 2.051375, z: 2.051375}
  m_Children: []
  m_Father: {fileID: 4673161197992396}
  m_RootOrder: 0
  m_LocalEulerAnglesHint: {x: 0, y: 0, z: 0}
--- !u!4 &4383318990566142
Transform:
  m_ObjectHideFlags: 1
  m_PrefabParentObject: {fileID: 0}
  m_PrefabInternal: {fileID: 100100000}
  m_GameObject: {fileID: 1999396875114910}
  m_LocalRotation: {x: 0, y: 0, z: 0, w: 1}
  m_LocalPosition: {x: 0, y: 0, z: 3.2191892}
  m_LocalScale: {x: 1, y: 1, z: 1}
  m_Children:
  - {fileID: 4794706409291054}
  - {fileID: 4764190434679962}
  - {fileID: 4540181311312730}
  m_Father: {fileID: 4673161197992396}
  m_RootOrder: 1
  m_LocalEulerAnglesHint: {x: 0, y: 0, z: 0}
--- !u!4 &4540181311312730
Transform:
  m_ObjectHideFlags: 1
  m_PrefabParentObject: {fileID: 0}
  m_PrefabInternal: {fileID: 100100000}
  m_GameObject: {fileID: 1549865092997006}
  m_LocalRotation: {x: 0, y: -0.3393663, z: 0, w: 0.94065434}
  m_LocalPosition: {x: 0.012059878, y: 0, z: 7.0356565}
  m_LocalScale: {x: 1, y: 1, z: 1}
  m_Children: []
  m_Father: {fileID: 4383318990566142}
  m_RootOrder: 2
  m_LocalEulerAnglesHint: {x: 0, y: 0, z: 0}
--- !u!4 &4673161197992396
Transform:
  m_ObjectHideFlags: 1
  m_PrefabParentObject: {fileID: 0}
  m_PrefabInternal: {fileID: 100100000}
  m_GameObject: {fileID: 1498825601053432}
  m_LocalRotation: {x: 0, y: 0, z: 0, w: 1}
  m_LocalPosition: {x: 0, y: 0, z: 0}
  m_LocalScale: {x: 1, y: 1, z: 1}
  m_Children:
  - {fileID: 4292991032469378}
  - {fileID: 4383318990566142}
  m_Father: {fileID: 0}
  m_RootOrder: 0
  m_LocalEulerAnglesHint: {x: 0, y: 0, z: 0}
--- !u!4 &4764190434679962
Transform:
  m_ObjectHideFlags: 1
  m_PrefabParentObject: {fileID: 0}
  m_PrefabInternal: {fileID: 100100000}
  m_GameObject: {fileID: 1291645904445704}
  m_LocalRotation: {x: 0, y: 0.39845556, z: 0, w: 0.9171877}
  m_LocalPosition: {x: 0.1960535, y: 0, z: 3.921764}
  m_LocalScale: {x: 0.85, y: 0.85, z: 0.85}
  m_Children: []
  m_Father: {fileID: 4383318990566142}
  m_RootOrder: 1
  m_LocalEulerAnglesHint: {x: 0, y: 0, z: 0}
--- !u!4 &4794706409291054
Transform:
  m_ObjectHideFlags: 1
  m_PrefabParentObject: {fileID: 0}
  m_PrefabInternal: {fileID: 100100000}
  m_GameObject: {fileID: 1291296756611286}
  m_LocalRotation: {x: 0, y: 0, z: 0, w: 1}
  m_LocalPosition: {x: 0, y: 0, z: 1.3347237}
  m_LocalScale: {x: 0.73, y: 0.73, z: 0.73}
  m_Children: []
  m_Father: {fileID: 4383318990566142}
  m_RootOrder: 0
  m_LocalEulerAnglesHint: {x: 0, y: 0, z: 0}
--- !u!23 &23937582839163456
MeshRenderer:
  m_ObjectHideFlags: 1
  m_PrefabParentObject: {fileID: 0}
  m_PrefabInternal: {fileID: 100100000}
  m_GameObject: {fileID: 1600125998433244}
  m_Enabled: 1
  m_CastShadows: 0
  m_ReceiveShadows: 0
  m_MotionVectors: 1
  m_LightProbeUsage: 1
  m_ReflectionProbeUsage: 1
  m_Materials:
  - {fileID: 0}
  m_StaticBatchInfo:
    firstSubMesh: 0
    subMeshCount: 0
  m_StaticBatchRoot: {fileID: 0}
  m_ProbeAnchor: {fileID: 0}
  m_LightProbeVolumeOverride: {fileID: 0}
  m_ScaleInLightmap: 1
  m_PreserveUVs: 1
  m_IgnoreNormalsForChartDetection: 0
  m_ImportantGI: 0
  m_SelectedEditorRenderState: 3
  m_MinimumChartSize: 4
  m_AutoUVMaxDistance: 0.5
  m_AutoUVMaxAngle: 89
  m_LightmapParameters: {fileID: 0}
  m_SortingLayerID: 0
  m_SortingLayer: 0
  m_SortingOrder: 0
--- !u!33 &33056129394740952
MeshFilter:
  m_ObjectHideFlags: 1
  m_PrefabParentObject: {fileID: 0}
  m_PrefabInternal: {fileID: 100100000}
  m_GameObject: {fileID: 1600125998433244}
  m_Mesh: {fileID: 10210, guid: 0000000000000000e000000000000000, type: 0}
--- !u!114 &114201483452440838
MonoBehaviour:
  m_ObjectHideFlags: 1
  m_PrefabParentObject: {fileID: 0}
  m_PrefabInternal: {fileID: 100100000}
  m_GameObject: {fileID: 1600125998433244}
  m_Enabled: 1
  m_EditorHideFlags: 0
  m_Script: {fileID: 11500000, guid: ff9179c503677dd44b3cb46aa0b81b35, type: 3}
  m_Name: 
  m_EditorClassIdentifier: 
  m_fUserTag: 0
  m_bCameraLookAt: 0
  m_bFixedObjectUp: 0
  m_bFixedStand: 0
  m_FrontAxis: 0
  m_RatationMode: 0
  m_RatationAxis: 2
  m_fRotationValue: 180
--- !u!114 &114497567255091074
MonoBehaviour:
  m_ObjectHideFlags: 1
  m_PrefabParentObject: {fileID: 0}
  m_PrefabInternal: {fileID: 100100000}
  m_GameObject: {fileID: 1549865092997006}
  m_Enabled: 1
  m_EditorHideFlags: 0
  m_Script: {fileID: 11500000, guid: 5fe76539fc27351459975a07a7b060fd, type: 3}
  m_Name: 
  m_EditorClassIdentifier: 
  m_fUserTag: 0
  m_AttachType: 0
  m_fDelayTime: 0.7
  m_fRepeatTime: 0
  m_nRepeatCount: 0
  m_AttachPrefab: {fileID: 1188060260986350, guid: a96fdd933f6454b43a6493ca26f82c90,
    type: 2}
  m_fPrefabSpeed: 1
  m_fPrefabLifeTime: 0
  m_bWorldSpace: 0
  m_AddStartPos: {x: 0, y: 0, z: 0}
  m_AccumStartRot: {x: 0, y: 0, z: 0}
  m_RandomRange: {x: 0, y: 0, z: 0}
  m_nSpriteFactoryIndex: -1
  m_bDetachParent: 0
--- !u!114 &114551533151834330
MonoBehaviour:
  m_ObjectHideFlags: 1
  m_PrefabParentObject: {fileID: 0}
  m_PrefabInternal: {fileID: 100100000}
  m_GameObject: {fileID: 1600125998433244}
  m_Enabled: 1
  m_EditorHideFlags: 0
  m_Script: {fileID: 11500000, guid: 910b0c850665fef4eb14d32ef8efdd1d, type: 3}
  m_Name: 
  m_EditorClassIdentifier: 
  AlphaBlendShader: {fileID: 4800000, guid: b94b8e78adb151f4e8191fb302c0d621, type: 3}
  AdditiveShader: {fileID: 4800000, guid: 0965c22b7c23dc249aca57f9ad39daab, type: 3}
  material: {fileID: 0}
  blend: 1
  layer: 2
  seqType: 0
  savematfile: 1
  color: {r: 1, g: 0.9837729, b: 0.41176468, a: 1}
  brightness: 1
  mainTex: {fileID: 2800000, guid: a91d272995f14bf4c8714ad034b628e8, type: 3}
  uoffset: 0
  voffset: 0
  uscale: 1
  vscale: 1
  uvrotate: 0
  maskTex: {fileID: 0}
  maskuoffset: 0
  maskvoffset: 0
  maskuscale: 1
  maskvscale: 1
  maskuvrotate: 0
  flowTex: {fileID: 0}
  flowuspeed: 0
  flowvspeed: 0
  flowDelayTime: 0
  flowStopTime: 999
  flowOffset: -0.5
  flowRotate: 0
  flowStrengthValue: 0.1
  flowStrengthCurve:
    serializedVersion: 2
    m_Curve: []
    m_PreInfinity: 2
    m_PostInfinity: 2
    m_RotationOrder: 4
  tileCol: 1
  tileRow: 1
  seqValue: 0
  delay: 0
  once: 0
--- !u!114 &114737384975775466
MonoBehaviour:
  m_ObjectHideFlags: 1
  m_PrefabParentObject: {fileID: 0}
  m_PrefabInternal: {fileID: 100100000}
  m_GameObject: {fileID: 1600125998433244}
  m_Enabled: 1
  m_EditorHideFlags: 0
  m_Script: {fileID: 11500000, guid: 92d0dba4615c71d45bdbfd7c49b539ca, type: 3}
  m_Name: 
  m_EditorClassIdentifier: 
  m_fUserTag: 0
  m_OnEndAniFunction: OnEndAnimation
  m_CurveInfoList:
  - m_bEnabled: 1
    m_CurveName: 
    m_AniCurve:
      serializedVersion: 2
      m_Curve:
      - serializedVersion: 2
        time: 0
        value: 0.010033548
        inSlope: 14.531509
        outSlope: 14.531509
        tangentMode: 0
      - serializedVersion: 2
        time: 0.06309752
        value: 0.8394649
        inSlope: 12.244146
        outSlope: 0.274377
        tangentMode: 1
      - serializedVersion: 2
        time: 1
        value: 1
        inSlope: 0.076051846
        outSlope: 0.076051846
        tangentMode: 0
      m_PreInfinity: 2
      m_PostInfinity: 2
      m_RotationOrder: 4
    m_ApplyType: 3
    m_bApplyOption: 01010101
    m_bRecursively: 0
    m_fValueScale: 2.5
    m_FromColor: {x: 1, y: 1, z: 1, w: 1}
    m_ToColor: {x: 1, y: 1, z: 1, w: 0}
    m_nTag: 0
    m_nSortGroup: 0
    m_OriginalValue: {x: 0, y: 0, z: 0, w: 0}
    m_BeforeValue: {x: 0, y: 0, z: 0, w: 0}
    m_ChildOriginalColorValues: []
    m_ChildBeforeColorValues: []
  - m_bEnabled: 1
    m_CurveName: 
    m_AniCurve:
      serializedVersion: 2
      m_Curve:
      - serializedVersion: 2
        time: 0
        value: -0.0420918
        inSlope: -0.048159856
        outSlope: -0.048159856
        tangentMode: 0
      - serializedVersion: 2
        time: 0.7179671
        value: -0.007849554
        inSlope: 0.1201051
        outSlope: 0.1201051
        tangentMode: 0
      - serializedVersion: 2
        time: 1
        value: 1
        inSlope: 1
        outSlope: 1
        tangentMode: 0
      m_PreInfinity: 2
      m_PostInfinity: 2
      m_RotationOrder: 4
    m_ApplyType: 4
    m_bApplyOption: 00000001
    m_bRecursively: 0
    m_fValueScale: 1
    m_FromColor: {x: 1, y: 1, z: 1, w: 1}
    m_ToColor: {x: 1, y: 1, z: 1, w: 0}
    m_nTag: 0
    m_nSortGroup: 0
    m_OriginalValue: {x: 0, y: 0, z: 0, w: 0}
    m_BeforeValue: {x: 0, y: 0, z: 0, w: 0}
    m_ChildOriginalColorValues: []
    m_ChildBeforeColorValues: []
  - m_bEnabled: 1
    m_CurveName: 
    m_AniCurve:
      serializedVersion: 2
      m_Curve:
      - serializedVersion: 2
        time: 0
        value: 0
        inSlope: 0.21864547
        outSlope: 0.21864547
        tangentMode: 0
      - serializedVersion: 2
        time: 0.8298279
        value: 1
        inSlope: 1
        outSlope: 1
        tangentMode: 0
      m_PreInfinity: 2
      m_PostInfinity: 2
      m_RotationOrder: 4
    m_ApplyType: 4
    m_bApplyOption: 01010100
    m_bRecursively: 0
    m_fValueScale: 1
    m_FromColor: {x: 1, y: 1, z: 1, w: 1}
    m_ToColor: {x: 0.20784315, y: 0.8588236, z: 0, w: 0}
    m_nTag: 0
    m_nSortGroup: 0
    m_OriginalValue: {x: 0, y: 0, z: 0, w: 0}
    m_BeforeValue: {x: 0, y: 0, z: 0, w: 0}
    m_ChildOriginalColorValues: []
    m_ChildBeforeColorValues: []
  m_fDelayTime: 0.55
  m_fDurationTime: 0.15
  m_bAutoDestruct: 0
  m_fAddElapsedTime: 0
--- !u!114 &114765728263170074
MonoBehaviour:
  m_ObjectHideFlags: 1
  m_PrefabParentObject: {fileID: 0}
  m_PrefabInternal: {fileID: 100100000}
  m_GameObject: {fileID: 1291645904445704}
  m_Enabled: 1
  m_EditorHideFlags: 0
  m_Script: {fileID: 11500000, guid: 5fe76539fc27351459975a07a7b060fd, type: 3}
  m_Name: 
  m_EditorClassIdentifier: 
  m_fUserTag: 0
  m_AttachType: 0
  m_fDelayTime: 0.55
  m_fRepeatTime: 0
  m_nRepeatCount: 0
  m_AttachPrefab: {fileID: 1188060260986350, guid: a96fdd933f6454b43a6493ca26f82c90,
    type: 2}
  m_fPrefabSpeed: 1
  m_fPrefabLifeTime: 0
  m_bWorldSpace: 0
  m_AddStartPos: {x: 0, y: 0, z: 0}
  m_AccumStartRot: {x: 0, y: 0, z: 0}
  m_RandomRange: {x: 0, y: 0, z: 0}
  m_nSpriteFactoryIndex: -1
  m_bDetachParent: 0
--- !u!114 &114793114617865604
MonoBehaviour:
  m_ObjectHideFlags: 1
  m_PrefabParentObject: {fileID: 0}
  m_PrefabInternal: {fileID: 100100000}
  m_GameObject: {fileID: 1291296756611286}
  m_Enabled: 1
  m_EditorHideFlags: 0
  m_Script: {fileID: 11500000, guid: 5fe76539fc27351459975a07a7b060fd, type: 3}
  m_Name: 
  m_EditorClassIdentifier: 
  m_fUserTag: 0
  m_AttachType: 0
  m_fDelayTime: 0.42
  m_fRepeatTime: 0
  m_nRepeatCount: 0
  m_AttachPrefab: {fileID: 1188060260986350, guid: a96fdd933f6454b43a6493ca26f82c90,
    type: 2}
  m_fPrefabSpeed: 1
  m_fPrefabLifeTime: 0
  m_bWorldSpace: 0
  m_AddStartPos: {x: 0, y: 0, z: 0}
  m_AccumStartRot: {x: 0, y: 0, z: 0}
  m_RandomRange: {x: 0, y: 0, z: 0}
  m_nSpriteFactoryIndex: -1
  m_bDetachParent: 0
