%YAML 1.1
%TAG !u! tag:unity3d.com,2011:
--- !u!1001 &100100000
Prefab:
  m_ObjectHideFlags: 1
  serializedVersion: 2
  m_Modification:
    m_TransformParent: {fileID: 0}
    m_Modifications: []
    m_RemovedComponents: []
  m_ParentPrefab: {fileID: 0}
  m_RootGameObject: {fileID: 1370439845175634}
  m_IsPrefabParent: 1
--- !u!1 &1127865865360126
GameObject:
  m_ObjectHideFlags: 0
  m_PrefabParentObject: {fileID: 0}
  m_PrefabInternal: {fileID: 100100000}
  serializedVersion: 5
  m_Component:
  - component: {fileID: 4158374211742922}
  - component: {fileID: 137602942875003520}
  m_Layer: 0
  m_Name: 5631523
  m_TagString: Untagged
  m_Icon: {fileID: 0}
  m_NavMeshLayer: 0
  m_StaticEditorFlags: 0
  m_IsActive: 1
--- !u!1 &1279093718623776
GameObject:
  m_ObjectHideFlags: 0
  m_PrefabParentObject: {fileID: 0}
  m_PrefabInternal: {fileID: 100100000}
  serializedVersion: 5
  m_Component:
  - component: {fileID: 4978920596527798}
  m_Layer: 0
  m_Name: Bone021
  m_TagString: Untagged
  m_Icon: {fileID: 0}
  m_NavMeshLayer: 0
  m_StaticEditorFlags: 0
  m_IsActive: 1
--- !u!1 &1370439845175634
GameObject:
  m_ObjectHideFlags: 0
  m_PrefabParentObject: {fileID: 0}
  m_PrefabInternal: {fileID: 100100000}
  serializedVersion: 5
  m_Component:
  - component: {fileID: 4750555467394452}
  - component: {fileID: 95251925016392162}
  - component: {fileID: 114224830484403132}
  m_Layer: 0
  m_Name: 5631523b
  m_TagString: Untagged
  m_Icon: {fileID: 0}
  m_NavMeshLayer: 0
  m_StaticEditorFlags: 0
  m_IsActive: 1
--- !u!1 &1533573327571882
GameObject:
  m_ObjectHideFlags: 0
  m_PrefabParentObject: {fileID: 0}
  m_PrefabInternal: {fileID: 100100000}
  serializedVersion: 5
  m_Component:
  - component: {fileID: 4184973661872934}
  m_Layer: 0
  m_Name: Bone004
  m_TagString: Untagged
  m_Icon: {fileID: 0}
  m_NavMeshLayer: 0
  m_StaticEditorFlags: 0
  m_IsActive: 1
--- !u!1 &1935881371709368
GameObject:
  m_ObjectHideFlags: 0
  m_PrefabParentObject: {fileID: 0}
  m_PrefabInternal: {fileID: 100100000}
  serializedVersion: 5
  m_Component:
  - component: {fileID: 4085423505610712}
  m_Layer: 0
  m_Name: Bone010
  m_TagString: Untagged
  m_Icon: {fileID: 0}
  m_NavMeshLayer: 0
  m_StaticEditorFlags: 0
  m_IsActive: 1
--- !u!1 &1990410508186922
GameObject:
  m_ObjectHideFlags: 0
  m_PrefabParentObject: {fileID: 0}
  m_PrefabInternal: {fileID: 100100000}
  serializedVersion: 5
  m_Component:
  - component: {fileID: 4797316222564046}
  m_Layer: 0
  m_Name: Bone017
  m_TagString: Untagged
  m_Icon: {fileID: 0}
  m_NavMeshLayer: 0
  m_StaticEditorFlags: 0
  m_IsActive: 1
--- !u!4 &4085423505610712
Transform:
  m_ObjectHideFlags: 1
  m_PrefabParentObject: {fileID: 0}
  m_PrefabInternal: {fileID: 100100000}
  m_GameObject: {fileID: 1935881371709368}
  m_LocalRotation: {x: -0.33010554, y: -0.3405808, z: 0.4205253, w: 0.7734298}
  m_LocalPosition: {x: -0.3766718, y: -0.28644243, z: -0.43593183}
  m_LocalScale: {x: 1.000001, y: 1.0000008, z: 1.0000005}
  m_Children: []
  m_Father: {fileID: 4750555467394452}
  m_RootOrder: 2
  m_LocalEulerAnglesHint: {x: 0, y: 0, z: 0}
--- !u!4 &4158374211742922
Transform:
  m_ObjectHideFlags: 1
  m_PrefabParentObject: {fileID: 0}
  m_PrefabInternal: {fileID: 100100000}
  m_GameObject: {fileID: 1127865865360126}
  m_LocalRotation: {x: -0.6927116, y: -0.48451915, z: 0.42643943, w: 0.32177824}
  m_LocalPosition: {x: 0.15077926, y: -0.75929844, z: -0.0000001011067}
  m_LocalScale: {x: -0.9999998, y: -0.9999999, z: -0.9999999}
  m_Children: []
  m_Father: {fileID: 4750555467394452}
  m_RootOrder: 0
  m_LocalEulerAnglesHint: {x: 0, y: 0, z: 0}
--- !u!4 &4184973661872934
Transform:
  m_ObjectHideFlags: 1
  m_PrefabParentObject: {fileID: 0}
  m_PrefabInternal: {fileID: 100100000}
  m_GameObject: {fileID: 1533573327571882}
  m_LocalRotation: {x: 0.110230446, y: -0.35211092, z: -0.12580776, w: 0.9208906}
  m_LocalPosition: {x: -0.63471246, y: 0.45105538, z: -0.7247139}
  m_LocalScale: {x: 1.0000005, y: 1.0000005, z: 1.0000004}
  m_Children: []
  m_Father: {fileID: 4750555467394452}
  m_RootOrder: 1
  m_LocalEulerAnglesHint: {x: 0, y: 0, z: 0}
--- !u!4 &4750555467394452
Transform:
  m_ObjectHideFlags: 1
  m_PrefabParentObject: {fileID: 0}
  m_PrefabInternal: {fileID: 100100000}
  m_GameObject: {fileID: 1370439845175634}
  m_LocalRotation: {x: 0, y: 0, z: 0, w: 1}
  m_LocalPosition: {x: 0, y: 0, z: 0}
  m_LocalScale: {x: 1, y: 1, z: 1}
  m_Children:
  - {fileID: 4158374211742922}
  - {fileID: 4184973661872934}
  - {fileID: 4085423505610712}
  - {fileID: 4797316222564046}
  - {fileID: 4978920596527798}
  m_Father: {fileID: 0}
  m_RootOrder: 0
  m_LocalEulerAnglesHint: {x: 0, y: 0, z: 0}
--- !u!4 &4797316222564046
Transform:
  m_ObjectHideFlags: 1
  m_PrefabParentObject: {fileID: 0}
  m_PrefabInternal: {fileID: 100100000}
  m_GameObject: {fileID: 1990410508186922}
  m_LocalRotation: {x: -0.9185719, y: -0.11701981, z: 0.3563055, w: 0.12481358}
  m_LocalPosition: {x: 0.64244676, y: 0.45073083, z: -0.7200602}
  m_LocalScale: {x: -1.0000006, y: -1.0000027, z: -1.0000023}
  m_Children: []
  m_Father: {fileID: 4750555467394452}
  m_RootOrder: 3
  m_LocalEulerAnglesHint: {x: 0, y: 0, z: 0}
--- !u!4 &4978920596527798
Transform:
  m_ObjectHideFlags: 1
  m_PrefabParentObject: {fileID: 0}
  m_PrefabInternal: {fileID: 100100000}
  m_GameObject: {fileID: 1279093718623776}
  m_LocalRotation: {x: -0.7765091, y: 0.41735506, z: 0.33040124, w: -0.3371695}
  m_LocalPosition: {x: 0.42055333, y: -0.2841312, z: -0.41085887}
  m_LocalScale: {x: -1.000001, y: -1.0000013, z: -1.0000014}
  m_Children: []
  m_Father: {fileID: 4750555467394452}
  m_RootOrder: 4
  m_LocalEulerAnglesHint: {x: 0, y: 0, z: 0}
--- !u!95 &95251925016392162
Animator:
  serializedVersion: 3
  m_ObjectHideFlags: 1
  m_PrefabParentObject: {fileID: 0}
  m_PrefabInternal: {fileID: 100100000}
  m_GameObject: {fileID: 1370439845175634}
  m_Enabled: 1
  m_Avatar: {fileID: 9000000, guid: c8fe230afe3e9f446b34e06c8470028e, type: 3}
  m_Controller: {fileID: 9100000, guid: 6d44e2de1ae673949bb0bb874fb41de9, type: 2}
  m_CullingMode: 2
  m_UpdateMode: 1
  m_ApplyRootMotion: 0
  m_LinearVelocityBlending: 0
  m_WarningMessage: 
  m_HasTransformHierarchy: 0
  m_AllowConstantClipSamplingOptimization: 1
--- !u!114 &114224830484403132
MonoBehaviour:
  m_ObjectHideFlags: 1
  m_PrefabParentObject: {fileID: 0}
  m_PrefabInternal: {fileID: 100100000}
  m_GameObject: {fileID: 1370439845175634}
  m_Enabled: 1
  m_EditorHideFlags: 0
  m_Script: {fileID: 11500000, guid: 7409368713d5c3d4cabb6f121204de64, type: 3}
  m_Name: 
  m_EditorClassIdentifier: 
  effectT:
  - {fileID: 4184973661872934}
  - {fileID: 4085423505610712}
  - {fileID: 4797316222564046}
  - {fileID: 4978920596527798}
  effects:
  - {fileID: 1989532919704766, guid: 3c16d4a5568ae0b4c8c834f4eb431c1f, type: 2}
  - {fileID: 1161350525147682, guid: f56a846c47d390b4e99dea10f32b4338, type: 2}
  - {fileID: 1442631667992160, guid: 6c00c5ed00364d245840538e1f45d5ef, type: 2}
  - {fileID: 1030273768515928, guid: 957dd8bdc2cef19409e8652833cb7c08, type: 2}
--- !u!137 &137602942875003520
SkinnedMeshRenderer:
  m_ObjectHideFlags: 1
  m_PrefabParentObject: {fileID: 0}
  m_PrefabInternal: {fileID: 100100000}
  m_GameObject: {fileID: 1127865865360126}
  m_Enabled: 1
  m_CastShadows: 0
  m_ReceiveShadows: 0
  m_MotionVectors: 2
  m_LightProbeUsage: 0
  m_ReflectionProbeUsage: 0
  m_Materials:
  - {fileID: 2100000, guid: 530052fa5c62f534992f1820c862f1e3, type: 2}
  m_StaticBatchInfo:
    firstSubMesh: 0
    subMeshCount: 0
  m_StaticBatchRoot: {fileID: 0}
  m_ProbeAnchor: {fileID: 0}
  m_LightProbeVolumeOverride: {fileID: 0}
  m_ScaleInLightmap: 1
  m_PreserveUVs: 0
  m_IgnoreNormalsForChartDetection: 0
  m_ImportantGI: 0
  m_SelectedEditorRenderState: 3
  m_MinimumChartSize: 4
  m_AutoUVMaxDistance: 0.5
  m_AutoUVMaxAngle: 89
  m_LightmapParameters: {fileID: 0}
  m_SortingLayerID: 0
  m_SortingLayer: 0
  m_SortingOrder: 0
  serializedVersion: 2
  m_Quality: 0
  m_UpdateWhenOffscreen: 0
  m_SkinnedMotionVectors: 0
  m_Mesh: {fileID: 4300000, guid: c8fe230afe3e9f446b34e06c8470028e, type: 3}
  m_Bones: []
  m_BlendShapeWeights: []
  m_RootBone: {fileID: 0}
  m_AABB:
    m_Center: {x: -1.6418378, y: -0.37237322, z: -0.6678016}
    m_Extent: {x: 1.9363387, y: 1.7890719, z: 2.9106824}
  m_DirtyAABB: 0
