%YAML 1.1
%TAG !u! tag:unity3d.com,2011:
--- !u!1001 &100100000
Prefab:
  m_ObjectHideFlags: 1
  serializedVersion: 2
  m_Modification:
    m_TransformParent: {fileID: 0}
    m_Modifications: []
    m_RemovedComponents: []
  m_ParentPrefab: {fileID: 0}
  m_RootGameObject: {fileID: 1570693649774166}
  m_IsPrefabParent: 1
--- !u!1 &1107093903677038
GameObject:
  m_ObjectHideFlags: 0
  m_PrefabParentObject: {fileID: 0}
  m_PrefabInternal: {fileID: 100100000}
  serializedVersion: 5
  m_Component:
  - component: {fileID: 4715318298040488}
  m_Layer: 0
  m_Name: Bip02 R Hand
  m_TagString: Untagged
  m_Icon: {fileID: 0}
  m_NavMeshLayer: 0
  m_StaticEditorFlags: 0
  m_IsActive: 1
--- !u!1 &1287869695578476
GameObject:
  m_ObjectHideFlags: 0
  m_PrefabParentObject: {fileID: 0}
  m_PrefabInternal: {fileID: 100100000}
  serializedVersion: 5
  m_Component:
  - component: {fileID: 4029190669338342}
  m_Layer: 0
  m_Name: Bip02 R Foot
  m_TagString: Untagged
  m_Icon: {fileID: 0}
  m_NavMeshLayer: 0
  m_StaticEditorFlags: 0
  m_IsActive: 1
--- !u!1 &1570693649774166
GameObject:
  m_ObjectHideFlags: 0
  m_PrefabParentObject: {fileID: 0}
  m_PrefabInternal: {fileID: 100100000}
  serializedVersion: 5
  m_Component:
  - component: {fileID: 4606711262510542}
  - component: {fileID: 95767958669315978}
  - component: {fileID: 114108914054604760}
  m_Layer: 0
  m_Name: 540054
  m_TagString: Untagged
  m_Icon: {fileID: 0}
  m_NavMeshLayer: 0
  m_StaticEditorFlags: 0
  m_IsActive: 1
--- !u!1 &1644531454550068
GameObject:
  m_ObjectHideFlags: 0
  m_PrefabParentObject: {fileID: 0}
  m_PrefabInternal: {fileID: 100100000}
  serializedVersion: 5
  m_Component:
  - component: {fileID: 4671691320294084}
  - component: {fileID: 137802404541022988}
  m_Layer: 0
  m_Name: zuoqi_baihu
  m_TagString: Untagged
  m_Icon: {fileID: 0}
  m_NavMeshLayer: 0
  m_StaticEditorFlags: 0
  m_IsActive: 1
--- !u!1 &1695984106288638
GameObject:
  m_ObjectHideFlags: 0
  m_PrefabParentObject: {fileID: 0}
  m_PrefabInternal: {fileID: 100100000}
  serializedVersion: 5
  m_Component:
  - component: {fileID: 4501918742908012}
  m_Layer: 0
  m_Name: ride
  m_TagString: Untagged
  m_Icon: {fileID: 0}
  m_NavMeshLayer: 0
  m_StaticEditorFlags: 0
  m_IsActive: 1
--- !u!1 &1700436584670230
GameObject:
  m_ObjectHideFlags: 0
  m_PrefabParentObject: {fileID: 0}
  m_PrefabInternal: {fileID: 100100000}
  serializedVersion: 5
  m_Component:
  - component: {fileID: 4913384273527554}
  m_Layer: 0
  m_Name: Bip02 L Hand
  m_TagString: Untagged
  m_Icon: {fileID: 0}
  m_NavMeshLayer: 0
  m_StaticEditorFlags: 0
  m_IsActive: 1
--- !u!1 &1797613576853642
GameObject:
  m_ObjectHideFlags: 0
  m_PrefabParentObject: {fileID: 0}
  m_PrefabInternal: {fileID: 100100000}
  serializedVersion: 5
  m_Component:
  - component: {fileID: 4670701105690402}
  m_Layer: 0
  m_Name: Bone08
  m_TagString: Untagged
  m_Icon: {fileID: 0}
  m_NavMeshLayer: 0
  m_StaticEditorFlags: 0
  m_IsActive: 1
--- !u!1 &1974281862696142
GameObject:
  m_ObjectHideFlags: 0
  m_PrefabParentObject: {fileID: 0}
  m_PrefabInternal: {fileID: 100100000}
  serializedVersion: 5
  m_Component:
  - component: {fileID: 4391114461440950}
  m_Layer: 0
  m_Name: Bip02 Spine1
  m_TagString: Untagged
  m_Icon: {fileID: 0}
  m_NavMeshLayer: 0
  m_StaticEditorFlags: 0
  m_IsActive: 1
--- !u!1 &1980129317730816
GameObject:
  m_ObjectHideFlags: 0
  m_PrefabParentObject: {fileID: 0}
  m_PrefabInternal: {fileID: 100100000}
  serializedVersion: 5
  m_Component:
  - component: {fileID: 4828392736338742}
  m_Layer: 0
  m_Name: Bip02 L Foot
  m_TagString: Untagged
  m_Icon: {fileID: 0}
  m_NavMeshLayer: 0
  m_StaticEditorFlags: 0
  m_IsActive: 1
--- !u!4 &4029190669338342
Transform:
  m_ObjectHideFlags: 1
  m_PrefabParentObject: {fileID: 0}
  m_PrefabInternal: {fileID: 100100000}
  m_GameObject: {fileID: 1287869695578476}
  m_LocalRotation: {x: -0.69933873, y: 0.104516745, z: -0.699341, w: 0.104516886}
  m_LocalPosition: {x: 0.50832844, y: 1.1095941, z: -2.427004}
  m_LocalScale: {x: 1.0000008, y: 1.0000011, z: 1.0000006}
  m_Children: []
  m_Father: {fileID: 4606711262510542}
  m_RootOrder: 2
  m_LocalEulerAnglesHint: {x: 0, y: 0, z: 0}
--- !u!4 &4391114461440950
Transform:
  m_ObjectHideFlags: 1
  m_PrefabParentObject: {fileID: 0}
  m_PrefabInternal: {fileID: 100100000}
  m_GameObject: {fileID: 1974281862696142}
  m_LocalRotation: {x: -0.7063063, y: 0.033644006, z: 0.7063056, w: -0.033644926}
  m_LocalPosition: {x: -0.0041905656, y: 1.9523162, z: 0.7840276}
  m_LocalScale: {x: 1.0000005, y: 1.0000011, z: 1.0000001}
  m_Children: []
  m_Father: {fileID: 4606711262510542}
  m_RootOrder: 4
  m_LocalEulerAnglesHint: {x: 0, y: 0, z: 0}
--- !u!4 &4501918742908012
Transform:
  m_ObjectHideFlags: 1
  m_PrefabParentObject: {fileID: 0}
  m_PrefabInternal: {fileID: 100100000}
  m_GameObject: {fileID: 1695984106288638}
  m_LocalRotation: {x: -0.7168605, y: 0.006711155, z: 0.69715255, w: 0.006655005}
  m_LocalPosition: {x: -0.02968007, y: 3.229195, z: -0.023433626}
  m_LocalScale: {x: 0.9999999, y: 1, z: 0.99999934}
  m_Children: []
  m_Father: {fileID: 4606711262510542}
  m_RootOrder: 6
  m_LocalEulerAnglesHint: {x: 0, y: 0, z: 0}
--- !u!4 &4606711262510542
Transform:
  m_ObjectHideFlags: 1
  m_PrefabParentObject: {fileID: 0}
  m_PrefabInternal: {fileID: 100100000}
  m_GameObject: {fileID: 1570693649774166}
  m_LocalRotation: {x: 0, y: 0, z: 0, w: 1}
  m_LocalPosition: {x: 0, y: 0, z: 0}
  m_LocalScale: {x: 1, y: 1, z: 1}
  m_Children:
  - {fileID: 4828392736338742}
  - {fileID: 4913384273527554}
  - {fileID: 4029190669338342}
  - {fileID: 4715318298040488}
  - {fileID: 4391114461440950}
  - {fileID: 4670701105690402}
  - {fileID: 4501918742908012}
  - {fileID: 4671691320294084}
  m_Father: {fileID: 0}
  m_RootOrder: 0
  m_LocalEulerAnglesHint: {x: 0, y: 0, z: 0}
--- !u!4 &4670701105690402
Transform:
  m_ObjectHideFlags: 1
  m_PrefabParentObject: {fileID: 0}
  m_PrefabInternal: {fileID: 100100000}
  m_GameObject: {fileID: 1797613576853642}
  m_LocalRotation: {x: -0.6460705, y: -0.27559966, z: -0.67590964, w: -0.22312313}
  m_LocalPosition: {x: -0.056256697, y: 0.5805364, z: -5.2032137}
  m_LocalScale: {x: 1.000002, y: 1.0000025, z: 1.0000013}
  m_Children: []
  m_Father: {fileID: 4606711262510542}
  m_RootOrder: 5
  m_LocalEulerAnglesHint: {x: 0, y: 0, z: 0}
--- !u!4 &4671691320294084
Transform:
  m_ObjectHideFlags: 1
  m_PrefabParentObject: {fileID: 0}
  m_PrefabInternal: {fileID: 100100000}
  m_GameObject: {fileID: 1644531454550068}
  m_LocalRotation: {x: -0.7051623, y: -0.052401688, z: 0.70516247, w: 0.052403536}
  m_LocalPosition: {x: -0.0041880477, y: 2.084022, z: -0.94446504}
  m_LocalScale: {x: 0.99999994, y: 1.0000001, z: 0.9999999}
  m_Children: []
  m_Father: {fileID: 4606711262510542}
  m_RootOrder: 7
  m_LocalEulerAnglesHint: {x: 0, y: 0, z: 0}
--- !u!4 &4715318298040488
Transform:
  m_ObjectHideFlags: 1
  m_PrefabParentObject: {fileID: 0}
  m_PrefabInternal: {fileID: 100100000}
  m_GameObject: {fileID: 1107093903677038}
  m_LocalRotation: {x: 0.7330934, y: 0.0034708083, z: -0.6800983, w: -0.0053261225}
  m_LocalPosition: {x: 0.81190175, y: 0.20770466, z: 0.6173237}
  m_LocalScale: {x: 1.0000025, y: 1.0000021, z: 1.0000026}
  m_Children: []
  m_Father: {fileID: 4606711262510542}
  m_RootOrder: 3
  m_LocalEulerAnglesHint: {x: 0, y: 0, z: 0}
--- !u!4 &4828392736338742
Transform:
  m_ObjectHideFlags: 1
  m_PrefabParentObject: {fileID: 0}
  m_PrefabInternal: {fileID: 100100000}
  m_GameObject: {fileID: 1980129317730816}
  m_LocalRotation: {x: 0.7064145, y: 0.031281333, z: 0.70641446, w: 0.031282935}
  m_LocalPosition: {x: -0.51694643, y: 1.4142032, z: -1.886257}
  m_LocalScale: {x: 1.0000007, y: 1.0000013, z: 1.0000006}
  m_Children: []
  m_Father: {fileID: 4606711262510542}
  m_RootOrder: 0
  m_LocalEulerAnglesHint: {x: 0, y: 0, z: 0}
--- !u!4 &4913384273527554
Transform:
  m_ObjectHideFlags: 1
  m_PrefabParentObject: {fileID: 0}
  m_PrefabInternal: {fileID: 100100000}
  m_GameObject: {fileID: 1700436584670230}
  m_LocalRotation: {x: 0.7131781, y: 0.113546275, z: -0.68676805, w: -0.08266718}
  m_LocalPosition: {x: -0.781295, y: 0.900069, z: 2.9213974}
  m_LocalScale: {x: 1.0000027, y: 1.0000035, z: 1.0000019}
  m_Children: []
  m_Father: {fileID: 4606711262510542}
  m_RootOrder: 1
  m_LocalEulerAnglesHint: {x: 0, y: 0, z: 0}
--- !u!95 &95767958669315978
Animator:
  serializedVersion: 3
  m_ObjectHideFlags: 1
  m_PrefabParentObject: {fileID: 0}
  m_PrefabInternal: {fileID: 100100000}
  m_GameObject: {fileID: 1570693649774166}
  m_Enabled: 1
  m_Avatar: {fileID: 9000000, guid: ca79b32a4013e1a459580fcd5dbd8694, type: 3}
  m_Controller: {fileID: 9100000, guid: d6f1ed35958ae544798d439ef0a5578c, type: 2}
  m_CullingMode: 2
  m_UpdateMode: 1
  m_ApplyRootMotion: 0
  m_LinearVelocityBlending: 0
  m_WarningMessage: 
  m_HasTransformHierarchy: 0
  m_AllowConstantClipSamplingOptimization: 1
--- !u!114 &114108914054604760
MonoBehaviour:
  m_ObjectHideFlags: 1
  m_PrefabParentObject: {fileID: 0}
  m_PrefabInternal: {fileID: 100100000}
  m_GameObject: {fileID: 1570693649774166}
  m_Enabled: 1
  m_EditorHideFlags: 0
  m_Script: {fileID: 11500000, guid: 7409368713d5c3d4cabb6f121204de64, type: 3}
  m_Name: 
  m_EditorClassIdentifier: 
  effectT:
  - {fileID: 4828392736338742}
  - {fileID: 4913384273527554}
  - {fileID: 4029190669338342}
  - {fileID: 4715318298040488}
  - {fileID: 4391114461440950}
  - {fileID: 4670701105690402}
  effects:
  - {fileID: 1265218464961682, guid: 9cb91d29f257df342a5b9b5951a2941f, type: 2}
  - {fileID: 1712500079285846, guid: 8330b25260013044d8c77fc8463ca68b, type: 2}
  - {fileID: 1753919629436352, guid: d6c2cb8d1dc5500418b7df76c985db21, type: 2}
  - {fileID: 1668838456636560, guid: 3d2fd1c6cfaf1554cba25e51e6ea061a, type: 2}
  - {fileID: 1885948527387318, guid: fc6aac27b16945a4988a5945a0174eb4, type: 2}
  - {fileID: 1669640327269286, guid: 14d2e916eda8d424c9d594ba197228bb, type: 2}
--- !u!137 &137802404541022988
SkinnedMeshRenderer:
  m_ObjectHideFlags: 1
  m_PrefabParentObject: {fileID: 0}
  m_PrefabInternal: {fileID: 100100000}
  m_GameObject: {fileID: 1644531454550068}
  m_Enabled: 1
  m_CastShadows: 0
  m_ReceiveShadows: 0
  m_MotionVectors: 2
  m_LightProbeUsage: 0
  m_ReflectionProbeUsage: 0
  m_Materials:
  - {fileID: 2100000, guid: 13a16bf94a141e3498cbf1b2d8a81d1b, type: 2}
  m_StaticBatchInfo:
    firstSubMesh: 0
    subMeshCount: 0
  m_StaticBatchRoot: {fileID: 0}
  m_ProbeAnchor: {fileID: 0}
  m_LightProbeVolumeOverride: {fileID: 0}
  m_ScaleInLightmap: 1
  m_PreserveUVs: 0
  m_IgnoreNormalsForChartDetection: 0
  m_ImportantGI: 0
  m_SelectedEditorRenderState: 3
  m_MinimumChartSize: 4
  m_AutoUVMaxDistance: 0.5
  m_AutoUVMaxAngle: 89
  m_LightmapParameters: {fileID: 0}
  m_SortingLayerID: 0
  m_SortingLayer: 0
  m_SortingOrder: 0
  serializedVersion: 2
  m_Quality: 0
  m_UpdateWhenOffscreen: 0
  m_SkinnedMotionVectors: 0
  m_Mesh: {fileID: 4300000, guid: ca79b32a4013e1a459580fcd5dbd8694, type: 3}
  m_Bones: []
  m_BlendShapeWeights: []
  m_RootBone: {fileID: 0}
  m_AABB:
    m_Center: {x: -0.012192726, y: 0.3682238, z: -0.08342451}
    m_Extent: {x: 4.98191, y: 2.724546, z: 1.6658273}
  m_DirtyAABB: 0
