%YAML 1.1
%TAG !u! tag:unity3d.com,2011:
--- !u!1001 &100100000
Prefab:
  m_ObjectHideFlags: 1
  serializedVersion: 2
  m_Modification:
    m_TransformParent: {fileID: 0}
    m_Modifications: []
    m_RemovedComponents: []
  m_ParentPrefab: {fileID: 0}
  m_RootGameObject: {fileID: 1830469588434000}
  m_IsPrefabParent: 1
--- !u!1 &1501246660650510
GameObject:
  m_ObjectHideFlags: 1
  m_PrefabParentObject: {fileID: 0}
  m_PrefabInternal: {fileID: 100100000}
  serializedVersion: 5
  m_Component:
  - component: {fileID: 4841233186649892}
  - component: {fileID: 33110144297648588}
  - component: {fileID: 23720883977025928}
  - component: {fileID: 114119350352344044}
  - component: {fileID: 114293193203725608}
  - component: {fileID: 114915429437720182}
  m_Layer: 23
  m_Name: FXMakerNewPlanePrefab(Clone)
  m_TagString: Untagged
  m_Icon: {fileID: 0}
  m_NavMeshLayer: 0
  m_StaticEditorFlags: 0
  m_IsActive: 1
--- !u!1 &1502777461170570
GameObject:
  m_ObjectHideFlags: 1
  m_PrefabParentObject: {fileID: 0}
  m_PrefabInternal: {fileID: 100100000}
  serializedVersion: 5
  m_Component:
  - component: {fileID: 4884193170669538}
  - component: {fileID: 33087439835460082}
  - component: {fileID: 23792881093540752}
  - component: {fileID: 114307930374941882}
  - component: {fileID: 114437071265100812}
  m_Layer: 0
  m_Name: Plane
  m_TagString: Untagged
  m_Icon: {fileID: 0}
  m_NavMeshLayer: 0
  m_StaticEditorFlags: 0
  m_IsActive: 1
--- !u!1 &1639588282669638
GameObject:
  m_ObjectHideFlags: 0
  m_PrefabParentObject: {fileID: 0}
  m_PrefabInternal: {fileID: 100100000}
  serializedVersion: 5
  m_Component:
  - component: {fileID: 4083333157184948}
  m_Layer: 0
  m_Name: GameObject
  m_TagString: Untagged
  m_Icon: {fileID: 0}
  m_NavMeshLayer: 0
  m_StaticEditorFlags: 0
  m_IsActive: 1
--- !u!1 &1830469588434000
GameObject:
  m_ObjectHideFlags: 0
  m_PrefabParentObject: {fileID: 0}
  m_PrefabInternal: {fileID: 100100000}
  serializedVersion: 5
  m_Component:
  - component: {fileID: 4242229094134844}
  m_Layer: 0
  m_Name: chongci
  m_TagString: Untagged
  m_Icon: {fileID: 0}
  m_NavMeshLayer: 0
  m_StaticEditorFlags: 0
  m_IsActive: 1
--- !u!4 &4083333157184948
Transform:
  m_ObjectHideFlags: 1
  m_PrefabParentObject: {fileID: 0}
  m_PrefabInternal: {fileID: 100100000}
  m_GameObject: {fileID: 1639588282669638}
  m_LocalRotation: {x: 0, y: 0, z: 0, w: 1}
  m_LocalPosition: {x: 0, y: 0, z: 0}
  m_LocalScale: {x: 1, y: 1, z: 1}
  m_Children:
  - {fileID: 4841233186649892}
  - {fileID: 4884193170669538}
  m_Father: {fileID: 4242229094134844}
  m_RootOrder: 0
  m_LocalEulerAnglesHint: {x: 0, y: 0, z: 0}
--- !u!4 &4242229094134844
Transform:
  m_ObjectHideFlags: 1
  m_PrefabParentObject: {fileID: 0}
  m_PrefabInternal: {fileID: 100100000}
  m_GameObject: {fileID: 1830469588434000}
  m_LocalRotation: {x: 0, y: 0, z: 0, w: 1}
  m_LocalPosition: {x: 0, y: 0, z: 0}
  m_LocalScale: {x: 1, y: 1, z: 1}
  m_Children:
  - {fileID: 4083333157184948}
  m_Father: {fileID: 0}
  m_RootOrder: 0
  m_LocalEulerAnglesHint: {x: 0, y: 0, z: 0}
--- !u!4 &4841233186649892
Transform:
  m_ObjectHideFlags: 1
  m_PrefabParentObject: {fileID: 0}
  m_PrefabInternal: {fileID: 100100000}
  m_GameObject: {fileID: 1501246660650510}
  m_LocalRotation: {x: 0, y: 0, z: 0, w: 1}
  m_LocalPosition: {x: 0, y: 0, z: 0}
  m_LocalScale: {x: 1, y: 1, z: 0.7}
  m_Children: []
  m_Father: {fileID: 4083333157184948}
  m_RootOrder: 0
  m_LocalEulerAnglesHint: {x: 0, y: 0, z: 0}
--- !u!4 &4884193170669538
Transform:
  m_ObjectHideFlags: 1
  m_PrefabParentObject: {fileID: 0}
  m_PrefabInternal: {fileID: 100100000}
  m_GameObject: {fileID: 1502777461170570}
  m_LocalRotation: {x: 0, y: 0, z: 0, w: 1}
  m_LocalPosition: {x: 0, y: 0, z: 0}
  m_LocalScale: {x: 1.8286157, y: 1.828615, z: 6.414223}
  m_Children: []
  m_Father: {fileID: 4083333157184948}
  m_RootOrder: 1
  m_LocalEulerAnglesHint: {x: 0, y: 0, z: 0}
--- !u!23 &23720883977025928
MeshRenderer:
  m_ObjectHideFlags: 1
  m_PrefabParentObject: {fileID: 0}
  m_PrefabInternal: {fileID: 100100000}
  m_GameObject: {fileID: 1501246660650510}
  m_Enabled: 1
  m_CastShadows: 0
  m_ReceiveShadows: 0
  m_MotionVectors: 1
  m_LightProbeUsage: 0
  m_ReflectionProbeUsage: 1
  m_Materials:
  - {fileID: 0}
  m_StaticBatchInfo:
    firstSubMesh: 0
    subMeshCount: 0
  m_StaticBatchRoot: {fileID: 0}
  m_ProbeAnchor: {fileID: 0}
  m_LightProbeVolumeOverride: {fileID: 0}
  m_ScaleInLightmap: 1
  m_PreserveUVs: 0
  m_IgnoreNormalsForChartDetection: 0
  m_ImportantGI: 0
  m_SelectedEditorRenderState: 3
  m_MinimumChartSize: 4
  m_AutoUVMaxDistance: 0.5
  m_AutoUVMaxAngle: 89
  m_LightmapParameters: {fileID: 0}
  m_SortingLayerID: 0
  m_SortingLayer: 0
  m_SortingOrder: 0
--- !u!23 &23792881093540752
MeshRenderer:
  m_ObjectHideFlags: 1
  m_PrefabParentObject: {fileID: 0}
  m_PrefabInternal: {fileID: 100100000}
  m_GameObject: {fileID: 1502777461170570}
  m_Enabled: 1
  m_CastShadows: 0
  m_ReceiveShadows: 0
  m_MotionVectors: 1
  m_LightProbeUsage: 1
  m_ReflectionProbeUsage: 1
  m_Materials:
  - {fileID: 2100000, guid: 186d9588ef1e61448af1213ee567e610, type: 2}
  m_StaticBatchInfo:
    firstSubMesh: 0
    subMeshCount: 0
  m_StaticBatchRoot: {fileID: 0}
  m_ProbeAnchor: {fileID: 0}
  m_LightProbeVolumeOverride: {fileID: 0}
  m_ScaleInLightmap: 1
  m_PreserveUVs: 1
  m_IgnoreNormalsForChartDetection: 0
  m_ImportantGI: 0
  m_SelectedEditorRenderState: 3
  m_MinimumChartSize: 4
  m_AutoUVMaxDistance: 0.5
  m_AutoUVMaxAngle: 89
  m_LightmapParameters: {fileID: 0}
  m_SortingLayerID: 0
  m_SortingLayer: 0
  m_SortingOrder: 0
--- !u!33 &33087439835460082
MeshFilter:
  m_ObjectHideFlags: 1
  m_PrefabParentObject: {fileID: 0}
  m_PrefabInternal: {fileID: 100100000}
  m_GameObject: {fileID: 1502777461170570}
  m_Mesh: {fileID: 4300000, guid: 596c125dedea90349a38bb2c0b616266, type: 3}
--- !u!33 &33110144297648588
MeshFilter:
  m_ObjectHideFlags: 1
  m_PrefabParentObject: {fileID: 0}
  m_PrefabInternal: {fileID: 100100000}
  m_GameObject: {fileID: 1501246660650510}
  m_Mesh: {fileID: 4300000, guid: cfe782dc4b6449a4c904af35c5bdf088, type: 3}
--- !u!114 &114119350352344044
MonoBehaviour:
  m_ObjectHideFlags: 1
  m_PrefabParentObject: {fileID: 0}
  m_PrefabInternal: {fileID: 100100000}
  m_GameObject: {fileID: 1501246660650510}
  m_Enabled: 1
  m_EditorHideFlags: 0
  m_Script: {fileID: 11500000, guid: 910b0c850665fef4eb14d32ef8efdd1d, type: 3}
  m_Name: 
  m_EditorClassIdentifier: 
  AlphaBlendShader: {fileID: 4800000, guid: b94b8e78adb151f4e8191fb302c0d621, type: 3}
  AdditiveShader: {fileID: 4800000, guid: 0965c22b7c23dc249aca57f9ad39daab, type: 3}
  material: {fileID: 0}
  blend: 1
  layer: 1
  seqType: 0
  savematfile: 1
  color: {r: 0.20588237, g: 0.6056797, b: 1, a: 1}
  brightness: 1
  mainTex: {fileID: 2800000, guid: 584a41f4a99c2a3438f8d747ea94a9a3, type: 3}
  uoffset: 0
  voffset: 0
  uscale: 1
  vscale: 1
  uvrotate: 180
  maskTex: {fileID: 2800000, guid: c9deb5ee62b06dc43a7d64ddf6c5b5f5, type: 3}
  maskuoffset: 0
  maskvoffset: 0
  maskuscale: 1
  maskvscale: 1
  maskuvrotate: 0
  flowTex: {fileID: 0}
  flowuspeed: 0
  flowvspeed: 0
  flowDelayTime: 0
  flowStopTime: 999
  flowOffset: -0.5
  flowRotate: 0
  flowStrengthValue: 0.1
  flowStrengthCurve:
    serializedVersion: 2
    m_Curve: []
    m_PreInfinity: 2
    m_PostInfinity: 2
    m_RotationOrder: 4
  tileCol: 1
  tileRow: 1
  seqValue: 0
  delay: 0
  once: 0
--- !u!114 &114293193203725608
MonoBehaviour:
  m_ObjectHideFlags: 1
  m_PrefabParentObject: {fileID: 0}
  m_PrefabInternal: {fileID: 100100000}
  m_GameObject: {fileID: 1501246660650510}
  m_Enabled: 1
  m_EditorHideFlags: 0
  m_Script: {fileID: 11500000, guid: 47b734d6cf544e946a6217f77fe9aa3d, type: 3}
  m_Name: 
  m_EditorClassIdentifier: 
  m_fUserTag: 0
  m_OnEndAniFunction: OnEndAnimation
  m_fScrollSpeedX: 0
  m_fScrollSpeedY: -2
  m_fTilingX: 1
  m_fTilingY: 1
  m_fOffsetX: 0
  m_fOffsetY: 0
  m_bUseSmoothDeltaTime: 0
  m_bFixedTileSize: 0
  m_bRepeat: 1
--- !u!114 &114307930374941882
MonoBehaviour:
  m_ObjectHideFlags: 1
  m_PrefabParentObject: {fileID: 0}
  m_PrefabInternal: {fileID: 100100000}
  m_GameObject: {fileID: 1502777461170570}
  m_Enabled: 1
  m_EditorHideFlags: 0
  m_Script: {fileID: 11500000, guid: 47b734d6cf544e946a6217f77fe9aa3d, type: 3}
  m_Name: 
  m_EditorClassIdentifier: 
  m_fUserTag: 0
  m_OnEndAniFunction: OnEndAnimation
  m_fScrollSpeedX: 0
  m_fScrollSpeedY: -5
  m_fTilingX: 2
  m_fTilingY: 1
  m_fOffsetX: 0
  m_fOffsetY: 0
  m_bUseSmoothDeltaTime: 0
  m_bFixedTileSize: 0
  m_bRepeat: 1
--- !u!114 &114437071265100812
MonoBehaviour:
  m_ObjectHideFlags: 1
  m_PrefabParentObject: {fileID: 0}
  m_PrefabInternal: {fileID: 100100000}
  m_GameObject: {fileID: 1502777461170570}
  m_Enabled: 1
  m_EditorHideFlags: 0
  m_Script: {fileID: 11500000, guid: 92d0dba4615c71d45bdbfd7c49b539ca, type: 3}
  m_Name: 
  m_EditorClassIdentifier: 
  m_fUserTag: 0
  m_OnEndAniFunction: OnEndAnimation
  m_CurveInfoList:
  - m_bEnabled: 1
    m_CurveName: 
    m_AniCurve:
      serializedVersion: 2
      m_Curve:
      - serializedVersion: 2
        time: 0
        value: -0.5898285
        inSlope: 0
        outSlope: 11.300077
        tangentMode: 69
      - serializedVersion: 2
        time: 0.12459641
        value: 0.81812054
        inSlope: 11.300077
        outSlope: 0.20776641
        tangentMode: 69
      - serializedVersion: 2
        time: 1
        value: 1
        inSlope: 0.20776641
        outSlope: 1
        tangentMode: 69
      m_PreInfinity: 2
      m_PostInfinity: 2
      m_RotationOrder: 4
    m_ApplyType: 0
    m_bApplyOption: 00000101
    m_bRecursively: 0
    m_fValueScale: 1
    m_FromColor: {x: 1, y: 1, z: 1, w: 1}
    m_ToColor: {x: 1, y: 1, z: 1, w: 0}
    m_nTag: 0
    m_nSortGroup: 0
    m_OriginalValue: {x: 0, y: 0, z: 0, w: 0}
    m_BeforeValue: {x: 0, y: 0, z: 0, w: 0}
    m_ChildOriginalColorValues: []
    m_ChildBeforeColorValues: []
  - m_bEnabled: 1
    m_CurveName: 
    m_AniCurve:
      serializedVersion: 2
      m_Curve:
      - serializedVersion: 2
        time: 0
        value: 1.0167847
        inSlope: -5.34756
        outSlope: -5.34756
        tangentMode: 0
      - serializedVersion: 2
        time: 0.14917368
        value: 0.0011252314
        inSlope: 0.550599
        outSlope: 1.9986995
        tangentMode: 1
      - serializedVersion: 2
        time: 1
        value: 1.0167847
        inSlope: 0.057812355
        outSlope: 0.057812355
        tangentMode: 0
      m_PreInfinity: 2
      m_PostInfinity: 2
      m_RotationOrder: 0
    m_ApplyType: 4
    m_bApplyOption: 00000001
    m_bRecursively: 0
    m_fValueScale: 1
    m_FromColor: {x: 1, y: 1, z: 1, w: 1}
    m_ToColor: {x: 1, y: 1, z: 1, w: 0}
    m_nTag: 0
    m_nSortGroup: 0
    m_OriginalValue: {x: 0, y: 0, z: 0, w: 0}
    m_BeforeValue: {x: 0, y: 0, z: 0, w: 0}
    m_ChildOriginalColorValues: []
    m_ChildBeforeColorValues: []
  m_fDelayTime: 0
  m_fDurationTime: 0.3
  m_fAddElapsedTime: 0
--- !u!114 &114915429437720182
MonoBehaviour:
  m_ObjectHideFlags: 1
  m_PrefabParentObject: {fileID: 0}
  m_PrefabInternal: {fileID: 100100000}
  m_GameObject: {fileID: 1501246660650510}
  m_Enabled: 1
  m_EditorHideFlags: 0
  m_Script: {fileID: 11500000, guid: 92d0dba4615c71d45bdbfd7c49b539ca, type: 3}
  m_Name: 
  m_EditorClassIdentifier: 
  m_fUserTag: 0
  m_OnEndAniFunction: OnEndAnimation
  m_CurveInfoList:
  - m_bEnabled: 1
    m_CurveName: 
    m_AniCurve:
      serializedVersion: 2
      m_Curve:
      - serializedVersion: 2
        time: 0
        value: 1
        inSlope: 0
        outSlope: 0
        tangentMode: 0
      - serializedVersion: 2
        time: 1
        value: 1
        inSlope: 0
        outSlope: 0
        tangentMode: 0
      m_PreInfinity: 1
      m_PostInfinity: 1
      m_RotationOrder: 4
    m_ApplyType: 3
    m_bApplyOption: 00000101
    m_bRecursively: 0
    m_fValueScale: 1.5
    m_FromColor: {x: 1, y: 1, z: 1, w: 1}
    m_ToColor: {x: 1, y: 1, z: 1, w: 0}
    m_nTag: 0
    m_nSortGroup: 0
    m_OriginalValue: {x: 0, y: 0, z: 0, w: 0}
    m_BeforeValue: {x: 0, y: 0, z: 0, w: 0}
    m_ChildOriginalColorValues: []
    m_ChildBeforeColorValues: []
  - m_bEnabled: 1
    m_CurveName: 
    m_AniCurve:
      serializedVersion: 2
      m_Curve:
      - serializedVersion: 2
        time: -0.0014266968
        value: 0.9937134
        inSlope: -5.505848
        outSlope: -5.505848
        tangentMode: 0
      - serializedVersion: 2
        time: 0.1487236
        value: -0.005994129
        inSlope: 0.8137697
        outSlope: 0.8137697
        tangentMode: 0
      - serializedVersion: 2
        time: 1
        value: 1
        inSlope: 2
        outSlope: 2
        tangentMode: 0
      m_PreInfinity: 2
      m_PostInfinity: 2
      m_RotationOrder: 0
    m_ApplyType: 4
    m_bApplyOption: 00000001
    m_bRecursively: 0
    m_fValueScale: 1
    m_FromColor: {x: 1, y: 1, z: 1, w: 1}
    m_ToColor: {x: 1, y: 1, z: 1, w: 0}
    m_nTag: 0
    m_nSortGroup: 0
    m_OriginalValue: {x: 0, y: 0, z: 0, w: 0}
    m_BeforeValue: {x: 0, y: 0, z: 0, w: 0}
    m_ChildOriginalColorValues: []
    m_ChildBeforeColorValues: []
  m_fDelayTime: 0
  m_fDurationTime: 0.3
  m_fAddElapsedTime: 0
