%YAML 1.1
%TAG !u! tag:unity3d.com,2011:
--- !u!1001 &100100000
Prefab:
  m_ObjectHideFlags: 1
  serializedVersion: 2
  m_Modification:
    m_TransformParent: {fileID: 0}
    m_Modifications: []
    m_RemovedComponents: []
  m_ParentPrefab: {fileID: 0}
  m_RootGameObject: {fileID: 1586723166569706}
  m_IsPrefabParent: 1
--- !u!1 &1110272809320616
GameObject:
  m_ObjectHideFlags: 0
  m_PrefabParentObject: {fileID: 0}
  m_PrefabInternal: {fileID: 100100000}
  serializedVersion: 5
  m_Component:
  - component: {fileID: 4733327580795536}
  - component: {fileID: 114981179507156042}
  m_Layer: 0
  m_Name: 200365_A2_02
  m_TagString: Untagged
  m_Icon: {fileID: 0}
  m_NavMeshLayer: 0
  m_StaticEditorFlags: 0
  m_IsActive: 1
--- !u!1 &1586723166569706
GameObject:
  m_ObjectHideFlags: 0
  m_PrefabParentObject: {fileID: 0}
  m_PrefabInternal: {fileID: 100100000}
  serializedVersion: 5
  m_Component:
  - component: {fileID: 4021841114764918}
  m_Layer: 0
  m_Name: 200365_JN
  m_TagString: Untagged
  m_Icon: {fileID: 0}
  m_NavMeshLayer: 0
  m_StaticEditorFlags: 0
  m_IsActive: 1
--- !u!1 &1981013924798988
GameObject:
  m_ObjectHideFlags: 0
  m_PrefabParentObject: {fileID: 0}
  m_PrefabInternal: {fileID: 100100000}
  serializedVersion: 5
  m_Component:
  - component: {fileID: 4376525088040230}
  - component: {fileID: 114970207534138154}
  m_Layer: 0
  m_Name: 200365_A2_01
  m_TagString: Untagged
  m_Icon: {fileID: 0}
  m_NavMeshLayer: 0
  m_StaticEditorFlags: 0
  m_IsActive: 1
--- !u!4 &4021841114764918
Transform:
  m_ObjectHideFlags: 1
  m_PrefabParentObject: {fileID: 0}
  m_PrefabInternal: {fileID: 100100000}
  m_GameObject: {fileID: 1586723166569706}
  m_LocalRotation: {x: -0, y: -0, z: -0, w: 1}
  m_LocalPosition: {x: 0, y: 0, z: 0}
  m_LocalScale: {x: 1, y: 1, z: 1}
  m_Children:
  - {fileID: 4376525088040230}
  - {fileID: 4733327580795536}
  m_Father: {fileID: 0}
  m_RootOrder: 0
  m_LocalEulerAnglesHint: {x: 0, y: 0, z: 0}
--- !u!4 &4376525088040230
Transform:
  m_ObjectHideFlags: 1
  m_PrefabParentObject: {fileID: 0}
  m_PrefabInternal: {fileID: 100100000}
  m_GameObject: {fileID: 1981013924798988}
  m_LocalRotation: {x: 0, y: 0, z: 0, w: 1}
  m_LocalPosition: {x: 0, y: 0, z: 0}
  m_LocalScale: {x: 1, y: 1, z: 1}
  m_Children: []
  m_Father: {fileID: 4021841114764918}
  m_RootOrder: 0
  m_LocalEulerAnglesHint: {x: 0, y: 0, z: 0}
--- !u!4 &4733327580795536
Transform:
  m_ObjectHideFlags: 1
  m_PrefabParentObject: {fileID: 0}
  m_PrefabInternal: {fileID: 100100000}
  m_GameObject: {fileID: 1110272809320616}
  m_LocalRotation: {x: -0, y: -0, z: -0, w: 1}
  m_LocalPosition: {x: 0, y: 0, z: 0}
  m_LocalScale: {x: 1, y: 1, z: 1}
  m_Children: []
  m_Father: {fileID: 4021841114764918}
  m_RootOrder: 1
  m_LocalEulerAnglesHint: {x: 0, y: 0, z: 0}
--- !u!114 &114970207534138154
MonoBehaviour:
  m_ObjectHideFlags: 1
  m_PrefabParentObject: {fileID: 0}
  m_PrefabInternal: {fileID: 100100000}
  m_GameObject: {fileID: 1981013924798988}
  m_Enabled: 1
  m_EditorHideFlags: 0
  m_Script: {fileID: 11500000, guid: 5fe76539fc27351459975a07a7b060fd, type: 3}
  m_Name: 
  m_EditorClassIdentifier: 
  m_fUserTag: 0
  m_AttachType: 0
  m_fDelayTime: 0.35
  m_fRepeatTime: 0
  m_nRepeatCount: 0
  m_AttachPrefab: {fileID: 1646862435109268, guid: 321b669b6c0dfae4995beece91b5c31d,
    type: 2}
  m_fPrefabSpeed: 1
  m_fPrefabLifeTime: 0
  m_bWorldSpace: 0
  m_AddStartPos: {x: 0, y: 0, z: 0}
  m_AccumStartRot: {x: 0, y: 0, z: 0}
  m_RandomRange: {x: 0, y: 0, z: 0}
  m_nSpriteFactoryIndex: -1
  m_bDetachParent: 0
--- !u!114 &114981179507156042
MonoBehaviour:
  m_ObjectHideFlags: 1
  m_PrefabParentObject: {fileID: 0}
  m_PrefabInternal: {fileID: 100100000}
  m_GameObject: {fileID: 1110272809320616}
  m_Enabled: 1
  m_EditorHideFlags: 0
  m_Script: {fileID: 11500000, guid: 5fe76539fc27351459975a07a7b060fd, type: 3}
  m_Name: 
  m_EditorClassIdentifier: 
  m_fUserTag: 0
  m_AttachType: 0
  m_fDelayTime: 0.41
  m_fRepeatTime: 0
  m_nRepeatCount: 0
  m_AttachPrefab: {fileID: 1380367848118058, guid: dd57fda35caf2984da8e175125b6277c,
    type: 2}
  m_fPrefabSpeed: 1
  m_fPrefabLifeTime: 0
  m_bWorldSpace: 0
  m_AddStartPos: {x: 0, y: 0, z: 0}
  m_AccumStartRot: {x: 0, y: 0, z: 0}
  m_RandomRange: {x: 0, y: 0, z: 0}
  m_nSpriteFactoryIndex: -1
  m_bDetachParent: 0
