%YAML 1.1
%TAG !u! tag:unity3d.com,2011:
--- !u!1001 &100100000
Prefab:
  m_ObjectHideFlags: 1
  serializedVersion: 2
  m_Modification:
    m_TransformParent: {fileID: 0}
    m_Modifications: []
    m_RemovedComponents: []
  m_ParentPrefab: {fileID: 0}
  m_RootGameObject: {fileID: 1290319529984046}
  m_IsPrefabParent: 1
--- !u!1 &1048142229447798
GameObject:
  m_ObjectHideFlags: 0
  m_PrefabParentObject: {fileID: 0}
  m_PrefabInternal: {fileID: 100100000}
  serializedVersion: 5
  m_Component:
  - component: {fileID: 4877127465183932}
  - component: {fileID: 137303376544021124}
  m_Layer: 0
  m_Name: DrawCall
  m_TagString: Untagged
  m_Icon: {fileID: 0}
  m_NavMeshLayer: 0
  m_StaticEditorFlags: 0
  m_IsActive: 1
--- !u!1 &1290319529984046
GameObject:
  m_ObjectHideFlags: 0
  m_PrefabParentObject: {fileID: 0}
  m_PrefabInternal: {fileID: 100100000}
  serializedVersion: 5
  m_Component:
  - component: {fileID: 4287793148765830}
  - component: {fileID: 95603120677070860}
  - component: {fileID: 114714987656227354}
  m_Layer: 0
  m_Name: 3650008b
  m_TagString: Untagged
  m_Icon: {fileID: 0}
  m_NavMeshLayer: 0
  m_StaticEditorFlags: 0
  m_IsActive: 1
--- !u!1 &1304834906194822
GameObject:
  m_ObjectHideFlags: 0
  m_PrefabParentObject: {fileID: 0}
  m_PrefabInternal: {fileID: 100100000}
  serializedVersion: 5
  m_Component:
  - component: {fileID: 4457039135045482}
  m_Layer: 0
  m_Name: Bone021(mirrored)
  m_TagString: Untagged
  m_Icon: {fileID: 0}
  m_NavMeshLayer: 0
  m_StaticEditorFlags: 0
  m_IsActive: 1
--- !u!1 &1762354818086834
GameObject:
  m_ObjectHideFlags: 0
  m_PrefabParentObject: {fileID: 0}
  m_PrefabInternal: {fileID: 100100000}
  serializedVersion: 5
  m_Component:
  - component: {fileID: 4659457901920494}
  m_Layer: 0
  m_Name: Bone021
  m_TagString: Untagged
  m_Icon: {fileID: 0}
  m_NavMeshLayer: 0
  m_StaticEditorFlags: 0
  m_IsActive: 1
--- !u!1 &1967845310522868
GameObject:
  m_ObjectHideFlags: 0
  m_PrefabParentObject: {fileID: 0}
  m_PrefabInternal: {fileID: 100100000}
  serializedVersion: 5
  m_Component:
  - component: {fileID: 4386047678863342}
  m_Layer: 0
  m_Name: Bone004
  m_TagString: Untagged
  m_Icon: {fileID: 0}
  m_NavMeshLayer: 0
  m_StaticEditorFlags: 0
  m_IsActive: 1
--- !u!1 &1982205706710036
GameObject:
  m_ObjectHideFlags: 0
  m_PrefabParentObject: {fileID: 0}
  m_PrefabInternal: {fileID: 100100000}
  serializedVersion: 5
  m_Component:
  - component: {fileID: 4866164891846514}
  m_Layer: 0
  m_Name: Bone004(mirrored)
  m_TagString: Untagged
  m_Icon: {fileID: 0}
  m_NavMeshLayer: 0
  m_StaticEditorFlags: 0
  m_IsActive: 1
--- !u!4 &4287793148765830
Transform:
  m_ObjectHideFlags: 1
  m_PrefabParentObject: {fileID: 0}
  m_PrefabInternal: {fileID: 100100000}
  m_GameObject: {fileID: 1290319529984046}
  m_LocalRotation: {x: 0, y: 0, z: 0, w: 1}
  m_LocalPosition: {x: 0, y: 0, z: 0}
  m_LocalScale: {x: 1, y: 1, z: 1}
  m_Children:
  - {fileID: 4386047678863342}
  - {fileID: 4866164891846514}
  - {fileID: 4659457901920494}
  - {fileID: 4457039135045482}
  - {fileID: 4877127465183932}
  m_Father: {fileID: 0}
  m_RootOrder: 0
  m_LocalEulerAnglesHint: {x: 0, y: 0, z: 0}
--- !u!4 &4386047678863342
Transform:
  m_ObjectHideFlags: 1
  m_PrefabParentObject: {fileID: 0}
  m_PrefabInternal: {fileID: 100100000}
  m_GameObject: {fileID: 1967845310522868}
  m_LocalRotation: {x: -0.036114004, y: -0.04107788, z: 0.64330256, w: -0.7636558}
  m_LocalPosition: {x: 1.368416, y: -1.1021281, z: -0.29388922}
  m_LocalScale: {x: 1.0000025, y: 1.0000017, z: 1.0000007}
  m_Children: []
  m_Father: {fileID: 4287793148765830}
  m_RootOrder: 0
  m_LocalEulerAnglesHint: {x: 0, y: 0, z: 0}
--- !u!4 &4457039135045482
Transform:
  m_ObjectHideFlags: 1
  m_PrefabParentObject: {fileID: 0}
  m_PrefabInternal: {fileID: 100100000}
  m_GameObject: {fileID: 1304834906194822}
  m_LocalRotation: {x: 0.76757085, y: 0.63793033, z: 0.04655465, w: -0.04138283}
  m_LocalPosition: {x: -1.3715911, y: -1.1283827, z: -0.2964987}
  m_LocalScale: {x: 1.000001, y: 1.000001, z: 1.0000015}
  m_Children: []
  m_Father: {fileID: 4287793148765830}
  m_RootOrder: 3
  m_LocalEulerAnglesHint: {x: 0, y: 0, z: 0}
--- !u!4 &4659457901920494
Transform:
  m_ObjectHideFlags: 1
  m_PrefabParentObject: {fileID: 0}
  m_PrefabInternal: {fileID: 100100000}
  m_GameObject: {fileID: 1762354818086834}
  m_LocalRotation: {x: -0.6375827, y: -0.7678147, z: -0.041608617, w: 0.04709124}
  m_LocalPosition: {x: 1.3719325, y: -1.127602, z: -0.2973502}
  m_LocalScale: {x: 1.0000024, y: 1.0000017, z: 1.0000005}
  m_Children: []
  m_Father: {fileID: 4287793148765830}
  m_RootOrder: 2
  m_LocalEulerAnglesHint: {x: 0, y: 0, z: 0}
--- !u!4 &4866164891846514
Transform:
  m_ObjectHideFlags: 1
  m_PrefabParentObject: {fileID: 0}
  m_PrefabInternal: {fileID: 100100000}
  m_GameObject: {fileID: 1982205706710036}
  m_LocalRotation: {x: 0.040541705, y: 0.035889167, z: -0.76340526, w: 0.64364654}
  m_LocalPosition: {x: -1.3680949, y: -1.1029022, z: -0.29306614}
  m_LocalScale: {x: 1.0000001, y: 1.0000001, z: 1.0000004}
  m_Children: []
  m_Father: {fileID: 4287793148765830}
  m_RootOrder: 1
  m_LocalEulerAnglesHint: {x: 0, y: 0, z: 0}
--- !u!4 &4877127465183932
Transform:
  m_ObjectHideFlags: 1
  m_PrefabParentObject: {fileID: 0}
  m_PrefabInternal: {fileID: 100100000}
  m_GameObject: {fileID: 1048142229447798}
  m_LocalRotation: {x: -0.10660377, y: -0.14161555, z: 0.25033572, w: 0.9517945}
  m_LocalPosition: {x: -0.1682148, y: -0.040221356, z: 0.18033218}
  m_LocalScale: {x: 1, y: 1, z: 0.9999999}
  m_Children: []
  m_Father: {fileID: 4287793148765830}
  m_RootOrder: 4
  m_LocalEulerAnglesHint: {x: 0, y: 0, z: 0}
--- !u!95 &95603120677070860
Animator:
  serializedVersion: 3
  m_ObjectHideFlags: 1
  m_PrefabParentObject: {fileID: 0}
  m_PrefabInternal: {fileID: 100100000}
  m_GameObject: {fileID: 1290319529984046}
  m_Enabled: 1
  m_Avatar: {fileID: 9000000, guid: 841e0604cdd058c4eaa99f592c6d83cb, type: 3}
  m_Controller: {fileID: 9100000, guid: 1b88b6ea86a73594f8dd699b2104b80a, type: 2}
  m_CullingMode: 2
  m_UpdateMode: 1
  m_ApplyRootMotion: 0
  m_LinearVelocityBlending: 0
  m_WarningMessage: 
  m_HasTransformHierarchy: 0
  m_AllowConstantClipSamplingOptimization: 1
--- !u!114 &114714987656227354
MonoBehaviour:
  m_ObjectHideFlags: 1
  m_PrefabParentObject: {fileID: 0}
  m_PrefabInternal: {fileID: 100100000}
  m_GameObject: {fileID: 1290319529984046}
  m_Enabled: 1
  m_EditorHideFlags: 0
  m_Script: {fileID: 11500000, guid: 7409368713d5c3d4cabb6f121204de64, type: 3}
  m_Name: 
  m_EditorClassIdentifier: 
  effectT:
  - {fileID: 4866164891846514}
  - {fileID: 4386047678863342}
  - {fileID: 4457039135045482}
  - {fileID: 4659457901920494}
  effects:
  - {fileID: 1329591337197020, guid: 6fa7c59e0b1c8264ab93d67c1e656a0c, type: 2}
  - {fileID: 1167540251027138, guid: 0bd9e8b570032ad4284d39d493f6fede, type: 2}
  - {fileID: 1448496138784658, guid: 22f046a52f295f54b87367210e97bbfd, type: 2}
  - {fileID: 1778885881742680, guid: c3ee8b8014381e04d8dea04e3d447495, type: 2}
--- !u!137 &137303376544021124
SkinnedMeshRenderer:
  m_ObjectHideFlags: 1
  m_PrefabParentObject: {fileID: 0}
  m_PrefabInternal: {fileID: 100100000}
  m_GameObject: {fileID: 1048142229447798}
  m_Enabled: 1
  m_CastShadows: 0
  m_ReceiveShadows: 0
  m_MotionVectors: 2
  m_LightProbeUsage: 0
  m_ReflectionProbeUsage: 0
  m_Materials:
  - {fileID: 2100000, guid: d83bf6733f6c3754fb863c7d65571f62, type: 2}
  m_StaticBatchInfo:
    firstSubMesh: 0
    subMeshCount: 0
  m_StaticBatchRoot: {fileID: 0}
  m_ProbeAnchor: {fileID: 0}
  m_LightProbeVolumeOverride: {fileID: 0}
  m_ScaleInLightmap: 1
  m_PreserveUVs: 0
  m_IgnoreNormalsForChartDetection: 0
  m_ImportantGI: 0
  m_SelectedEditorRenderState: 3
  m_MinimumChartSize: 4
  m_AutoUVMaxDistance: 0.5
  m_AutoUVMaxAngle: 89
  m_LightmapParameters: {fileID: 0}
  m_SortingLayerID: 0
  m_SortingLayer: 0
  m_SortingOrder: 0
  serializedVersion: 2
  m_Quality: 0
  m_UpdateWhenOffscreen: 0
  m_SkinnedMotionVectors: 0
  m_Mesh: {fileID: 4300000, guid: 841e0604cdd058c4eaa99f592c6d83cb, type: 3}
  m_Bones: []
  m_BlendShapeWeights: []
  m_RootBone: {fileID: 0}
  m_AABB:
    m_Center: {x: -0.5397806, y: -0.07038391, z: -1.0379131}
    m_Extent: {x: 2.670351, y: 2.331747, z: 1.8957098}
  m_DirtyAABB: 0
