%YAML 1.1
%TAG !u! tag:unity3d.com,2011:
--- !u!1001 &100100000
Prefab:
  m_ObjectHideFlags: 1
  serializedVersion: 2
  m_Modification:
    m_TransformParent: {fileID: 0}
    m_Modifications: []
    m_RemovedComponents: []
  m_ParentPrefab: {fileID: 0}
  m_RootGameObject: {fileID: 1908920416603706}
  m_IsPrefabParent: 1
--- !u!1 &1908920416603706
GameObject:
  m_ObjectHideFlags: 0
  m_PrefabParentObject: {fileID: 0}
  m_PrefabInternal: {fileID: 100100000}
  serializedVersion: 5
  m_Component:
  - component: {fileID: 4758235705367490}
  - component: {fileID: 95978597661278388}
  m_Layer: 0
  m_Name: 210005
  m_TagString: Untagged
  m_Icon: {fileID: 0}
  m_NavMeshLayer: 0
  m_StaticEditorFlags: 0
  m_IsActive: 1
--- !u!1 &1916946653139286
GameObject:
  m_ObjectHideFlags: 0
  m_PrefabParentObject: {fileID: 0}
  m_PrefabInternal: {fileID: 100100000}
  serializedVersion: 5
  m_Component:
  - component: {fileID: 4998577854033552}
  - component: {fileID: 137757065457722074}
  m_Layer: 0
  m_Name: 200011
  m_TagString: Untagged
  m_Icon: {fileID: 0}
  m_NavMeshLayer: 0
  m_StaticEditorFlags: 0
  m_IsActive: 1
--- !u!4 &4758235705367490
Transform:
  m_ObjectHideFlags: 1
  m_PrefabParentObject: {fileID: 0}
  m_PrefabInternal: {fileID: 100100000}
  m_GameObject: {fileID: 1908920416603706}
  m_LocalRotation: {x: 0, y: 0, z: 0, w: 1}
  m_LocalPosition: {x: 0, y: 0, z: 0}
  m_LocalScale: {x: 1, y: 1, z: 1}
  m_Children:
  - {fileID: 4998577854033552}
  m_Father: {fileID: 0}
  m_RootOrder: 0
  m_LocalEulerAnglesHint: {x: 0, y: 0, z: 0}
--- !u!4 &4998577854033552
Transform:
  m_ObjectHideFlags: 1
  m_PrefabParentObject: {fileID: 0}
  m_PrefabInternal: {fileID: 100100000}
  m_GameObject: {fileID: 1916946653139286}
  m_LocalRotation: {x: -0.5000007, y: 0.5000007, z: 0.49999928, w: -0.4999993}
  m_LocalPosition: {x: -8.3861995e-10, y: 1.5355797, z: -0.019185388}
  m_LocalScale: {x: 1, y: 0.9999999, z: 0.9999999}
  m_Children: []
  m_Father: {fileID: 4758235705367490}
  m_RootOrder: 0
  m_LocalEulerAnglesHint: {x: 0, y: 0, z: 0}
--- !u!95 &95978597661278388
Animator:
  serializedVersion: 3
  m_ObjectHideFlags: 1
  m_PrefabParentObject: {fileID: 0}
  m_PrefabInternal: {fileID: 100100000}
  m_GameObject: {fileID: 1908920416603706}
  m_Enabled: 1
  m_Avatar: {fileID: 9000000, guid: b060129f0b130cf4ba6aa594113687aa, type: 3}
  m_Controller: {fileID: 9100000, guid: 334e198c0f3900d4aa4f1ac45d74b230, type: 2}
  m_CullingMode: 2
  m_UpdateMode: 1
  m_ApplyRootMotion: 0
  m_LinearVelocityBlending: 0
  m_WarningMessage: 
  m_HasTransformHierarchy: 0
  m_AllowConstantClipSamplingOptimization: 1
--- !u!137 &137757065457722074
SkinnedMeshRenderer:
  m_ObjectHideFlags: 1
  m_PrefabParentObject: {fileID: 0}
  m_PrefabInternal: {fileID: 100100000}
  m_GameObject: {fileID: 1916946653139286}
  m_Enabled: 1
  m_CastShadows: 0
  m_ReceiveShadows: 0
  m_MotionVectors: 2
  m_LightProbeUsage: 0
  m_ReflectionProbeUsage: 0
  m_Materials:
  - {fileID: 2100000, guid: eecbc76c68a79a547af7e634e0d0fa3e, type: 2}
  m_StaticBatchInfo:
    firstSubMesh: 0
    subMeshCount: 0
  m_StaticBatchRoot: {fileID: 0}
  m_ProbeAnchor: {fileID: 0}
  m_LightProbeVolumeOverride: {fileID: 0}
  m_ScaleInLightmap: 1
  m_PreserveUVs: 0
  m_IgnoreNormalsForChartDetection: 0
  m_ImportantGI: 0
  m_SelectedEditorRenderState: 3
  m_MinimumChartSize: 4
  m_AutoUVMaxDistance: 0.5
  m_AutoUVMaxAngle: 89
  m_LightmapParameters: {fileID: 0}
  m_SortingLayerID: 0
  m_SortingLayer: 0
  m_SortingOrder: 0
  serializedVersion: 2
  m_Quality: 0
  m_UpdateWhenOffscreen: 0
  m_SkinnedMotionVectors: 0
  m_Mesh: {fileID: 4300000, guid: b060129f0b130cf4ba6aa594113687aa, type: 3}
  m_Bones: []
  m_BlendShapeWeights: []
  m_RootBone: {fileID: 0}
  m_AABB:
    m_Center: {x: 0.10244, y: -0.008638278, z: 0.006999135}
    m_Extent: {x: 1.4376553, y: 0.30673355, z: 0.87286526}
  m_DirtyAABB: 0
