%YAML 1.1
%TAG !u! tag:unity3d.com,2011:
--- !u!1001 &100100000
Prefab:
  m_ObjectHideFlags: 1
  serializedVersion: 2
  m_Modification:
    m_TransformParent: {fileID: 0}
    m_Modifications: []
    m_RemovedComponents: []
  m_ParentPrefab: {fileID: 0}
  m_RootGameObject: {fileID: 1570158983262068}
  m_IsPrefabParent: 1
--- !u!1 &1064525019670344
GameObject:
  m_ObjectHideFlags: 0
  m_PrefabParentObject: {fileID: 0}
  m_PrefabInternal: {fileID: 100100000}
  serializedVersion: 5
  m_Component:
  - component: {fileID: 4092491294632916}
  m_Layer: 0
  m_Name: Bone25(mirrored)02
  m_TagString: Untagged
  m_Icon: {fileID: 0}
  m_NavMeshLayer: 0
  m_StaticEditorFlags: 0
  m_IsActive: 1
--- !u!1 &1151524728977304
GameObject:
  m_ObjectHideFlags: 0
  m_PrefabParentObject: {fileID: 0}
  m_PrefabInternal: {fileID: 100100000}
  serializedVersion: 5
  m_Component:
  - component: {fileID: 4751626312391620}
  m_Layer: 0
  m_Name: Bone120
  m_TagString: Untagged
  m_Icon: {fileID: 0}
  m_NavMeshLayer: 0
  m_StaticEditorFlags: 0
  m_IsActive: 1
--- !u!1 &1231715173178620
GameObject:
  m_ObjectHideFlags: 0
  m_PrefabParentObject: {fileID: 0}
  m_PrefabInternal: {fileID: 100100000}
  serializedVersion: 5
  m_Component:
  - component: {fileID: 4273619187966700}
  m_Layer: 0
  m_Name: Bone05(mirrored)05
  m_TagString: Untagged
  m_Icon: {fileID: 0}
  m_NavMeshLayer: 0
  m_StaticEditorFlags: 0
  m_IsActive: 1
--- !u!1 &1307395413795538
GameObject:
  m_ObjectHideFlags: 0
  m_PrefabParentObject: {fileID: 0}
  m_PrefabInternal: {fileID: 100100000}
  serializedVersion: 5
  m_Component:
  - component: {fileID: 4312157592882310}
  m_Layer: 0
  m_Name: Bone01(mirrored)04
  m_TagString: Untagged
  m_Icon: {fileID: 0}
  m_NavMeshLayer: 0
  m_StaticEditorFlags: 0
  m_IsActive: 1
--- !u!1 &1371594616474318
GameObject:
  m_ObjectHideFlags: 0
  m_PrefabParentObject: {fileID: 0}
  m_PrefabInternal: {fileID: 100100000}
  serializedVersion: 5
  m_Component:
  - component: {fileID: 4511528666916438}
  m_Layer: 0
  m_Name: Bone118
  m_TagString: Untagged
  m_Icon: {fileID: 0}
  m_NavMeshLayer: 0
  m_StaticEditorFlags: 0
  m_IsActive: 1
--- !u!1 &1425031667253250
GameObject:
  m_ObjectHideFlags: 0
  m_PrefabParentObject: {fileID: 0}
  m_PrefabInternal: {fileID: 100100000}
  serializedVersion: 5
  m_Component:
  - component: {fileID: 4930405914280370}
  m_Layer: 0
  m_Name: Bone23(mirrored)05
  m_TagString: Untagged
  m_Icon: {fileID: 0}
  m_NavMeshLayer: 0
  m_StaticEditorFlags: 0
  m_IsActive: 1
--- !u!1 &1570158983262068
GameObject:
  m_ObjectHideFlags: 0
  m_PrefabParentObject: {fileID: 0}
  m_PrefabInternal: {fileID: 100100000}
  serializedVersion: 5
  m_Component:
  - component: {fileID: 4776647835259650}
  - component: {fileID: 95459316879583658}
  m_Layer: 0
  m_Name: 15631503b
  m_TagString: Untagged
  m_Icon: {fileID: 0}
  m_NavMeshLayer: 0
  m_StaticEditorFlags: 0
  m_IsActive: 1
--- !u!1 &1723973572205830
GameObject:
  m_ObjectHideFlags: 0
  m_PrefabParentObject: {fileID: 0}
  m_PrefabInternal: {fileID: 100100000}
  serializedVersion: 5
  m_Component:
  - component: {fileID: 4037957604591986}
  m_Layer: 0
  m_Name: Bone112
  m_TagString: Untagged
  m_Icon: {fileID: 0}
  m_NavMeshLayer: 0
  m_StaticEditorFlags: 0
  m_IsActive: 1
--- !u!1 &1743854957785346
GameObject:
  m_ObjectHideFlags: 0
  m_PrefabParentObject: {fileID: 0}
  m_PrefabInternal: {fileID: 100100000}
  serializedVersion: 5
  m_Component:
  - component: {fileID: 4688942625645696}
  m_Layer: 0
  m_Name: Bone17(mirrored)04
  m_TagString: Untagged
  m_Icon: {fileID: 0}
  m_NavMeshLayer: 0
  m_StaticEditorFlags: 0
  m_IsActive: 1
--- !u!1 &1859240659380240
GameObject:
  m_ObjectHideFlags: 0
  m_PrefabParentObject: {fileID: 0}
  m_PrefabInternal: {fileID: 100100000}
  serializedVersion: 5
  m_Component:
  - component: {fileID: 4777045194396186}
  m_Layer: 0
  m_Name: Bone114
  m_TagString: Untagged
  m_Icon: {fileID: 0}
  m_NavMeshLayer: 0
  m_StaticEditorFlags: 0
  m_IsActive: 1
--- !u!1 &1944327872338816
GameObject:
  m_ObjectHideFlags: 0
  m_PrefabParentObject: {fileID: 0}
  m_PrefabInternal: {fileID: 100100000}
  serializedVersion: 5
  m_Component:
  - component: {fileID: 4985183840823360}
  - component: {fileID: 137234435517042164}
  m_Layer: 0
  m_Name: chibang01
  m_TagString: Untagged
  m_Icon: {fileID: 0}
  m_NavMeshLayer: 0
  m_StaticEditorFlags: 0
  m_IsActive: 1
--- !u!1 &1976674149495744
GameObject:
  m_ObjectHideFlags: 0
  m_PrefabParentObject: {fileID: 0}
  m_PrefabInternal: {fileID: 100100000}
  serializedVersion: 5
  m_Component:
  - component: {fileID: 4877374120401416}
  m_Layer: 0
  m_Name: Bone116
  m_TagString: Untagged
  m_Icon: {fileID: 0}
  m_NavMeshLayer: 0
  m_StaticEditorFlags: 0
  m_IsActive: 1
--- !u!4 &4037957604591986
Transform:
  m_ObjectHideFlags: 1
  m_PrefabParentObject: {fileID: 0}
  m_PrefabInternal: {fileID: 100100000}
  m_GameObject: {fileID: 1723973572205830}
  m_LocalRotation: {x: 0.000000048388106, y: -0.00000011105107, z: 0.80944496, w: 0.5871958}
  m_LocalPosition: {x: 0.448075, y: 0.3066022, z: -0.061990235}
  m_LocalScale: {x: 1.5715199, y: 1.5715199, z: 1.5715199}
  m_Children: []
  m_Father: {fileID: 4776647835259650}
  m_RootOrder: 5
  m_LocalEulerAnglesHint: {x: 0, y: 0, z: 0}
--- !u!4 &4092491294632916
Transform:
  m_ObjectHideFlags: 1
  m_PrefabParentObject: {fileID: 0}
  m_PrefabInternal: {fileID: 100100000}
  m_GameObject: {fileID: 1064525019670344}
  m_LocalRotation: {x: 0.63782257, y: 0.7698362, z: 0.019220112, w: 0.012860024}
  m_LocalPosition: {x: -1.6300086, y: -0.1680435, z: -0.027143233}
  m_LocalScale: {x: 1.571524, y: 1.5715221, z: 1.5715245}
  m_Children: []
  m_Father: {fileID: 4776647835259650}
  m_RootOrder: 4
  m_LocalEulerAnglesHint: {x: 0, y: 0, z: 0}
--- !u!4 &4273619187966700
Transform:
  m_ObjectHideFlags: 1
  m_PrefabParentObject: {fileID: 0}
  m_PrefabInternal: {fileID: 100100000}
  m_GameObject: {fileID: 1231715173178620}
  m_LocalRotation: {x: 0.9978291, y: 0.065858066, z: 0.00000030682975, w: -0.0000002823189}
  m_LocalPosition: {x: -0.65364736, y: -0.25309217, z: -0.061990585}
  m_LocalScale: {x: 1.5715212, y: 1.5715222, z: 1.5715224}
  m_Children: []
  m_Father: {fileID: 4776647835259650}
  m_RootOrder: 1
  m_LocalEulerAnglesHint: {x: 0, y: 0, z: 0}
--- !u!4 &4312157592882310
Transform:
  m_ObjectHideFlags: 1
  m_PrefabParentObject: {fileID: 0}
  m_PrefabInternal: {fileID: 100100000}
  m_GameObject: {fileID: 1307395413795538}
  m_LocalRotation: {x: 0.62756246, y: 0.77856624, z: 0.000000017016106, w: -0.000000013715813}
  m_LocalPosition: {x: -0.38861766, y: 0.2884794, z: -0.06199026}
  m_LocalScale: {x: 1.5715204, y: 1.5715203, z: 1.5715199}
  m_Children: []
  m_Father: {fileID: 4776647835259650}
  m_RootOrder: 0
  m_LocalEulerAnglesHint: {x: 0, y: 0, z: 0}
--- !u!4 &4511528666916438
Transform:
  m_ObjectHideFlags: 1
  m_PrefabParentObject: {fileID: 0}
  m_PrefabInternal: {fileID: 100100000}
  m_GameObject: {fileID: 1371594616474318}
  m_LocalRotation: {x: 0.018773003, y: 0.013504639, z: 0.6573804, w: 0.75320405}
  m_LocalPosition: {x: 1.6561875, y: -0.09680179, z: -0.027142156}
  m_LocalScale: {x: 1.5715208, y: 1.5715209, z: 1.5715201}
  m_Children: []
  m_Father: {fileID: 4776647835259650}
  m_RootOrder: 8
  m_LocalEulerAnglesHint: {x: 0, y: 0, z: 0}
--- !u!4 &4688942625645696
Transform:
  m_ObjectHideFlags: 1
  m_PrefabParentObject: {fileID: 0}
  m_PrefabInternal: {fileID: 100100000}
  m_GameObject: {fileID: 1743854957785346}
  m_LocalRotation: {x: 0.7116957, y: 0.7021425, z: -0.016741265, w: 0.014319901}
  m_LocalPosition: {x: -1.1956861, y: -0.4693069, z: -0.066908695}
  m_LocalScale: {x: 1.5715232, y: 1.5715218, z: 1.5715238}
  m_Children: []
  m_Father: {fileID: 4776647835259650}
  m_RootOrder: 2
  m_LocalEulerAnglesHint: {x: 0, y: 0, z: 0}
--- !u!4 &4751626312391620
Transform:
  m_ObjectHideFlags: 1
  m_PrefabParentObject: {fileID: 0}
  m_PrefabInternal: {fileID: 100100000}
  m_GameObject: {fileID: 1151524728977304}
  m_LocalRotation: {x: 0.033008464, y: 0.006313912, z: 0.62396705, w: 0.78072774}
  m_LocalPosition: {x: 1.7808626, y: -0.3037922, z: -0.061989937}
  m_LocalScale: {x: 1.5715208, y: 1.5715209, z: 1.5715199}
  m_Children: []
  m_Father: {fileID: 4776647835259650}
  m_RootOrder: 9
  m_LocalEulerAnglesHint: {x: 0, y: 0, z: 0}
--- !u!4 &4776647835259650
Transform:
  m_ObjectHideFlags: 1
  m_PrefabParentObject: {fileID: 0}
  m_PrefabInternal: {fileID: 100100000}
  m_GameObject: {fileID: 1570158983262068}
  m_LocalRotation: {x: 0, y: 0, z: 0, w: 1}
  m_LocalPosition: {x: 0, y: 0, z: 0}
  m_LocalScale: {x: 1, y: 1, z: 1}
  m_Children:
  - {fileID: 4312157592882310}
  - {fileID: 4273619187966700}
  - {fileID: 4688942625645696}
  - {fileID: 4930405914280370}
  - {fileID: 4092491294632916}
  - {fileID: 4037957604591986}
  - {fileID: 4777045194396186}
  - {fileID: 4877374120401416}
  - {fileID: 4511528666916438}
  - {fileID: 4751626312391620}
  - {fileID: 4985183840823360}
  m_Father: {fileID: 0}
  m_RootOrder: 0
  m_LocalEulerAnglesHint: {x: 0, y: 0, z: 0}
--- !u!4 &4777045194396186
Transform:
  m_ObjectHideFlags: 1
  m_PrefabParentObject: {fileID: 0}
  m_PrefabInternal: {fileID: 100100000}
  m_GameObject: {fileID: 1859240659380240}
  m_LocalRotation: {x: -0.000000016946608, y: 0.000000013905279, z: 0.9993482, w: 0.036099553}
  m_LocalPosition: {x: 0.68662584, y: -0.2398533, z: -0.06199035}
  m_LocalScale: {x: 1.5715204, y: 1.5715204, z: 1.5715199}
  m_Children: []
  m_Father: {fileID: 4776647835259650}
  m_RootOrder: 6
  m_LocalEulerAnglesHint: {x: 0, y: 0, z: 0}
--- !u!4 &4877374120401416
Transform:
  m_ObjectHideFlags: 1
  m_PrefabParentObject: {fileID: 0}
  m_PrefabInternal: {fileID: 100100000}
  m_GameObject: {fileID: 1976674149495744}
  m_LocalRotation: {x: 0.7229932, y: -0.10632717, z: 0.532954, w: 0.42653894}
  m_LocalPosition: {x: 1.1408099, y: -0.07333468, z: -0.036068466}
  m_LocalScale: {x: 1.5715204, y: 1.571521, z: 1.5715207}
  m_Children: []
  m_Father: {fileID: 4776647835259650}
  m_RootOrder: 7
  m_LocalEulerAnglesHint: {x: 0, y: 0, z: 0}
--- !u!4 &4930405914280370
Transform:
  m_ObjectHideFlags: 1
  m_PrefabParentObject: {fileID: 0}
  m_PrefabInternal: {fileID: 100100000}
  m_GameObject: {fileID: 1425031667253250}
  m_LocalRotation: {x: 0.6046938, y: 0.7957487, z: 0.033209458, w: 0.00514999}
  m_LocalPosition: {x: -1.7421331, y: -0.38209254, z: -0.061990917}
  m_LocalScale: {x: 1.5715237, y: 1.5715219, z: 1.5715244}
  m_Children: []
  m_Father: {fileID: 4776647835259650}
  m_RootOrder: 3
  m_LocalEulerAnglesHint: {x: 0, y: 0, z: 0}
--- !u!4 &4985183840823360
Transform:
  m_ObjectHideFlags: 1
  m_PrefabParentObject: {fileID: 0}
  m_PrefabInternal: {fileID: 100100000}
  m_GameObject: {fileID: 1944327872338816}
  m_LocalRotation: {x: -0.0000001686081, y: -0.00000016333902, z: 0.627565, w: 0.77856416}
  m_LocalPosition: {x: 0.388625, y: 0.2884794, z: -0.06199026}
  m_LocalScale: {x: 1.5715203, y: 1.5715203, z: 1.5715199}
  m_Children: []
  m_Father: {fileID: 4776647835259650}
  m_RootOrder: 10
  m_LocalEulerAnglesHint: {x: 0, y: 0, z: 0}
--- !u!95 &95459316879583658
Animator:
  serializedVersion: 3
  m_ObjectHideFlags: 1
  m_PrefabParentObject: {fileID: 0}
  m_PrefabInternal: {fileID: 100100000}
  m_GameObject: {fileID: 1570158983262068}
  m_Enabled: 1
  m_Avatar: {fileID: 9000000, guid: 0faaf95a17a467a418b915f11f074f98, type: 3}
  m_Controller: {fileID: 9100000, guid: 384eff28b3927fe4e849f98182d231ff, type: 2}
  m_CullingMode: 2
  m_UpdateMode: 1
  m_ApplyRootMotion: 0
  m_LinearVelocityBlending: 0
  m_WarningMessage: 
  m_HasTransformHierarchy: 0
  m_AllowConstantClipSamplingOptimization: 1
--- !u!137 &137234435517042164
SkinnedMeshRenderer:
  m_ObjectHideFlags: 1
  m_PrefabParentObject: {fileID: 0}
  m_PrefabInternal: {fileID: 100100000}
  m_GameObject: {fileID: 1944327872338816}
  m_Enabled: 1
  m_CastShadows: 0
  m_ReceiveShadows: 0
  m_MotionVectors: 2
  m_LightProbeUsage: 0
  m_ReflectionProbeUsage: 0
  m_Materials:
  - {fileID: 2100000, guid: c8484b281efee5147b87e58c45ba3460, type: 2}
  m_StaticBatchInfo:
    firstSubMesh: 0
    subMeshCount: 0
  m_StaticBatchRoot: {fileID: 0}
  m_ProbeAnchor: {fileID: 0}
  m_LightProbeVolumeOverride: {fileID: 0}
  m_ScaleInLightmap: 1
  m_PreserveUVs: 0
  m_IgnoreNormalsForChartDetection: 0
  m_ImportantGI: 0
  m_SelectedEditorRenderState: 3
  m_MinimumChartSize: 4
  m_AutoUVMaxDistance: 0.5
  m_AutoUVMaxAngle: 89
  m_LightmapParameters: {fileID: 0}
  m_SortingLayerID: 0
  m_SortingLayer: 0
  m_SortingOrder: 0
  serializedVersion: 2
  m_Quality: 0
  m_UpdateWhenOffscreen: 0
  m_SkinnedMotionVectors: 0
  m_Mesh: {fileID: 4300000, guid: 0faaf95a17a467a418b915f11f074f98, type: 3}
  m_Bones: []
  m_BlendShapeWeights: []
  m_RootBone: {fileID: 0}
  m_AABB:
    m_Center: {x: -0.9944074, y: 0.14621425, z: -0.4573069}
    m_Extent: {x: 1.2273424, y: 1.1982963, z: 0.6161792}
  m_DirtyAABB: 0
