%YAML 1.1
%TAG !u! tag:unity3d.com,2011:
--- !u!1001 &100100000
Prefab:
  m_ObjectHideFlags: 1
  serializedVersion: 2
  m_Modification:
    m_TransformParent: {fileID: 0}
    m_Modifications: []
    m_RemovedComponents: []
  m_ParentPrefab: {fileID: 0}
  m_RootGameObject: {fileID: 1591378362037166}
  m_IsPrefabParent: 1
--- !u!1 &1190417451025508
GameObject:
  m_ObjectHideFlags: 0
  m_PrefabParentObject: {fileID: 0}
  m_PrefabInternal: {fileID: 100100000}
  serializedVersion: 5
  m_Component:
  - component: {fileID: 4205873030551702}
  m_Layer: 0
  m_Name: Bip01 Spine1
  m_TagString: Untagged
  m_Icon: {fileID: 0}
  m_NavMeshLayer: 0
  m_StaticEditorFlags: 0
  m_IsActive: 1
--- !u!1 &1219799665372884
GameObject:
  m_ObjectHideFlags: 0
  m_PrefabParentObject: {fileID: 0}
  m_PrefabInternal: {fileID: 100100000}
  serializedVersion: 5
  m_Component:
  - component: {fileID: 4079224575652050}
  m_Layer: 0
  m_Name: Bone023
  m_TagString: Untagged
  m_Icon: {fileID: 0}
  m_NavMeshLayer: 0
  m_StaticEditorFlags: 0
  m_IsActive: 1
--- !u!1 &1264594023276836
GameObject:
  m_ObjectHideFlags: 0
  m_PrefabParentObject: {fileID: 0}
  m_PrefabInternal: {fileID: 100100000}
  serializedVersion: 5
  m_Component:
  - component: {fileID: 4527279145689852}
  m_Layer: 0
  m_Name: Bone020
  m_TagString: Untagged
  m_Icon: {fileID: 0}
  m_NavMeshLayer: 0
  m_StaticEditorFlags: 0
  m_IsActive: 1
--- !u!1 &1519812853035424
GameObject:
  m_ObjectHideFlags: 0
  m_PrefabParentObject: {fileID: 0}
  m_PrefabInternal: {fileID: 100100000}
  serializedVersion: 5
  m_Component:
  - component: {fileID: 4387708342622554}
  - component: {fileID: 137221586556689630}
  m_Layer: 0
  m_Name: model
  m_TagString: Untagged
  m_Icon: {fileID: 0}
  m_NavMeshLayer: 0
  m_StaticEditorFlags: 0
  m_IsActive: 1
--- !u!1 &1591378362037166
GameObject:
  m_ObjectHideFlags: 0
  m_PrefabParentObject: {fileID: 0}
  m_PrefabInternal: {fileID: 100100000}
  serializedVersion: 5
  m_Component:
  - component: {fileID: 4157099899039262}
  - component: {fileID: 95791050486085558}
  - component: {fileID: 114202555588501736}
  m_Layer: 0
  m_Name: 510024b
  m_TagString: Untagged
  m_Icon: {fileID: 0}
  m_NavMeshLayer: 0
  m_StaticEditorFlags: 0
  m_IsActive: 1
--- !u!1 &1605900797301092
GameObject:
  m_ObjectHideFlags: 0
  m_PrefabParentObject: {fileID: 0}
  m_PrefabInternal: {fileID: 100100000}
  serializedVersion: 5
  m_Component:
  - component: {fileID: 4938271278213996}
  m_Layer: 0
  m_Name: Bone020(mirrored)
  m_TagString: Untagged
  m_Icon: {fileID: 0}
  m_NavMeshLayer: 0
  m_StaticEditorFlags: 0
  m_IsActive: 1
--- !u!4 &4079224575652050
Transform:
  m_ObjectHideFlags: 1
  m_PrefabParentObject: {fileID: 0}
  m_PrefabInternal: {fileID: 100100000}
  m_GameObject: {fileID: 1219799665372884}
  m_LocalRotation: {x: 0.32640466, y: -0.5785967, z: -0.24382943, w: -0.70656425}
  m_LocalPosition: {x: 0.46118647, y: 0.87217873, z: -0.12594536}
  m_LocalScale: {x: 1.0000014, y: 1.0000005, z: 1.0000011}
  m_Children: []
  m_Father: {fileID: 4157099899039262}
  m_RootOrder: 3
  m_LocalEulerAnglesHint: {x: 0, y: 0, z: 0}
--- !u!4 &4157099899039262
Transform:
  m_ObjectHideFlags: 1
  m_PrefabParentObject: {fileID: 0}
  m_PrefabInternal: {fileID: 100100000}
  m_GameObject: {fileID: 1591378362037166}
  m_LocalRotation: {x: 0, y: 0, z: 0, w: 1}
  m_LocalPosition: {x: 0, y: 0, z: 0}
  m_LocalScale: {x: 1, y: 1, z: 1}
  m_Children:
  - {fileID: 4205873030551702}
  - {fileID: 4527279145689852}
  - {fileID: 4938271278213996}
  - {fileID: 4079224575652050}
  - {fileID: 4387708342622554}
  m_Father: {fileID: 0}
  m_RootOrder: 0
  m_LocalEulerAnglesHint: {x: 0, y: 0, z: 0}
--- !u!4 &4205873030551702
Transform:
  m_ObjectHideFlags: 1
  m_PrefabParentObject: {fileID: 0}
  m_PrefabInternal: {fileID: 100100000}
  m_GameObject: {fileID: 1190417451025508}
  m_LocalRotation: {x: -0.48942778, y: 0.5103527, z: 0.48942795, w: -0.5103538}
  m_LocalPosition: {x: -0.00000017328652, y: 1.0582266, z: 0.0064789723}
  m_LocalScale: {x: 1.0000012, y: 1.0000014, z: 1.0000014}
  m_Children: []
  m_Father: {fileID: 4157099899039262}
  m_RootOrder: 0
  m_LocalEulerAnglesHint: {x: 0, y: 0, z: 0}
--- !u!4 &4387708342622554
Transform:
  m_ObjectHideFlags: 1
  m_PrefabParentObject: {fileID: 0}
  m_PrefabInternal: {fileID: 100100000}
  m_GameObject: {fileID: 1519812853035424}
  m_LocalRotation: {x: -0.5105704, y: 0.48920268, z: 0.5105692, w: -0.48920113}
  m_LocalPosition: {x: -5.6057436e-10, y: 0.8785391, z: -0.010577981}
  m_LocalScale: {x: 1.0000002, y: 1.0000004, z: 1.0000005}
  m_Children: []
  m_Father: {fileID: 4157099899039262}
  m_RootOrder: 4
  m_LocalEulerAnglesHint: {x: 0, y: 0, z: 0}
--- !u!4 &4527279145689852
Transform:
  m_ObjectHideFlags: 1
  m_PrefabParentObject: {fileID: 0}
  m_PrefabInternal: {fileID: 100100000}
  m_GameObject: {fileID: 1264594023276836}
  m_LocalRotation: {x: -0.0015198393, y: -0.061718777, z: -0.050898906, w: -0.9967938}
  m_LocalPosition: {x: -0.2294497, y: 1.254628, z: -0.1370401}
  m_LocalScale: {x: 1.0000014, y: 1.0000012, z: 1.0000018}
  m_Children: []
  m_Father: {fileID: 4157099899039262}
  m_RootOrder: 1
  m_LocalEulerAnglesHint: {x: 0, y: 0, z: 0}
--- !u!4 &4938271278213996
Transform:
  m_ObjectHideFlags: 1
  m_PrefabParentObject: {fileID: 0}
  m_PrefabInternal: {fileID: 100100000}
  m_GameObject: {fileID: 1605900797301092}
  m_LocalRotation: {x: -0.06171849, y: -0.0015201697, z: 0.99679387, w: 0.050897423}
  m_LocalPosition: {x: 0.22945186, y: 1.2546285, z: -0.1370401}
  m_LocalScale: {x: 1.0000037, y: 1.000003, z: 1.0000015}
  m_Children: []
  m_Father: {fileID: 4157099899039262}
  m_RootOrder: 2
  m_LocalEulerAnglesHint: {x: 0, y: 0, z: 0}
--- !u!95 &95791050486085558
Animator:
  serializedVersion: 3
  m_ObjectHideFlags: 1
  m_PrefabParentObject: {fileID: 0}
  m_PrefabInternal: {fileID: 100100000}
  m_GameObject: {fileID: 1591378362037166}
  m_Enabled: 1
  m_Avatar: {fileID: 9000000, guid: cd626d9cba5df2c449f40585f078431f, type: 3}
  m_Controller: {fileID: 9100000, guid: 6d24f3abb49efae46bdb0c11b5e758cb, type: 2}
  m_CullingMode: 2
  m_UpdateMode: 1
  m_ApplyRootMotion: 0
  m_LinearVelocityBlending: 0
  m_WarningMessage: 
  m_HasTransformHierarchy: 0
  m_AllowConstantClipSamplingOptimization: 1
--- !u!114 &114202555588501736
MonoBehaviour:
  m_ObjectHideFlags: 1
  m_PrefabParentObject: {fileID: 0}
  m_PrefabInternal: {fileID: 100100000}
  m_GameObject: {fileID: 1591378362037166}
  m_Enabled: 1
  m_EditorHideFlags: 0
  m_Script: {fileID: 11500000, guid: 7409368713d5c3d4cabb6f121204de64, type: 3}
  m_Name: 
  m_EditorClassIdentifier: 
  effectT:
  - {fileID: 4205873030551702}
  - {fileID: 4527279145689852}
  - {fileID: 4938271278213996}
  - {fileID: 4079224575652050}
  effects:
  - {fileID: 1989256000190148, guid: 259fb5616cc564844a4adde3f478806b, type: 2}
  - {fileID: 1717911181442426, guid: a470426409c89d8489b329f7e75b4acb, type: 2}
  - {fileID: 1450577200237214, guid: 51b200faaea5f67478d4107b8329dad6, type: 2}
  - {fileID: 1269909751666956, guid: ef3187c8a4ae61848aa827d32c15942e, type: 2}
--- !u!137 &137221586556689630
SkinnedMeshRenderer:
  m_ObjectHideFlags: 1
  m_PrefabParentObject: {fileID: 0}
  m_PrefabInternal: {fileID: 100100000}
  m_GameObject: {fileID: 1519812853035424}
  m_Enabled: 1
  m_CastShadows: 0
  m_ReceiveShadows: 0
  m_MotionVectors: 2
  m_LightProbeUsage: 0
  m_ReflectionProbeUsage: 0
  m_Materials:
  - {fileID: 2100000, guid: 79e6261f95dbc4c4c815ed4a91629cbe, type: 2}
  m_StaticBatchInfo:
    firstSubMesh: 0
    subMeshCount: 0
  m_StaticBatchRoot: {fileID: 0}
  m_ProbeAnchor: {fileID: 0}
  m_LightProbeVolumeOverride: {fileID: 0}
  m_ScaleInLightmap: 1
  m_PreserveUVs: 0
  m_IgnoreNormalsForChartDetection: 0
  m_ImportantGI: 0
  m_SelectedEditorRenderState: 3
  m_MinimumChartSize: 4
  m_AutoUVMaxDistance: 0.5
  m_AutoUVMaxAngle: 89
  m_LightmapParameters: {fileID: 0}
  m_SortingLayerID: 0
  m_SortingLayer: 0
  m_SortingOrder: 0
  serializedVersion: 2
  m_Quality: 0
  m_UpdateWhenOffscreen: 0
  m_SkinnedMotionVectors: 0
  m_Mesh: {fileID: 4300000, guid: cd626d9cba5df2c449f40585f078431f, type: 3}
  m_Bones: []
  m_BlendShapeWeights: []
  m_RootBone: {fileID: 0}
  m_AABB:
    m_Center: {x: 0.09631947, y: 0.11100778, z: -0.057080895}
    m_Extent: {x: 0.7865809, y: 0.43105367, z: 0.58551157}
  m_DirtyAABB: 0
