%YAML 1.1
%TAG !u! tag:unity3d.com,2011:
--- !u!1001 &100100000
Prefab:
  m_ObjectHideFlags: 1
  serializedVersion: 2
  m_Modification:
    m_TransformParent: {fileID: 0}
    m_Modifications: []
    m_RemovedComponents: []
  m_ParentPrefab: {fileID: 0}
  m_RootGameObject: {fileID: 1621785018061196}
  m_IsPrefabParent: 1
--- !u!1 &1170183385693424
GameObject:
  m_ObjectHideFlags: 0
  m_PrefabParentObject: {fileID: 0}
  m_PrefabInternal: {fileID: 100100000}
  serializedVersion: 5
  m_Component:
  - component: {fileID: 4036973636666378}
  m_Layer: 0
  m_Name: Bone004
  m_TagString: Untagged
  m_Icon: {fileID: 0}
  m_NavMeshLayer: 0
  m_StaticEditorFlags: 0
  m_IsActive: 1
--- !u!1 &1209116032152682
GameObject:
  m_ObjectHideFlags: 0
  m_PrefabParentObject: {fileID: 0}
  m_PrefabInternal: {fileID: 100100000}
  serializedVersion: 5
  m_Component:
  - component: {fileID: 4713366421127580}
  m_Layer: 0
  m_Name: Bone011
  m_TagString: Untagged
  m_Icon: {fileID: 0}
  m_NavMeshLayer: 0
  m_StaticEditorFlags: 0
  m_IsActive: 1
--- !u!1 &1239665847416172
GameObject:
  m_ObjectHideFlags: 0
  m_PrefabParentObject: {fileID: 0}
  m_PrefabInternal: {fileID: 100100000}
  serializedVersion: 5
  m_Component:
  - component: {fileID: 4385987434734280}
  - component: {fileID: 137377439269450502}
  m_Layer: 0
  m_Name: 5631521
  m_TagString: Untagged
  m_Icon: {fileID: 0}
  m_NavMeshLayer: 0
  m_StaticEditorFlags: 0
  m_IsActive: 1
--- !u!1 &1299127772329820
GameObject:
  m_ObjectHideFlags: 0
  m_PrefabParentObject: {fileID: 0}
  m_PrefabInternal: {fileID: 100100000}
  serializedVersion: 5
  m_Component:
  - component: {fileID: 4173119338866402}
  m_Layer: 0
  m_Name: Bone012
  m_TagString: Untagged
  m_Icon: {fileID: 0}
  m_NavMeshLayer: 0
  m_StaticEditorFlags: 0
  m_IsActive: 1
--- !u!1 &1454464307537974
GameObject:
  m_ObjectHideFlags: 0
  m_PrefabParentObject: {fileID: 0}
  m_PrefabInternal: {fileID: 100100000}
  serializedVersion: 5
  m_Component:
  - component: {fileID: 4431268730109362}
  m_Layer: 0
  m_Name: Bone003
  m_TagString: Untagged
  m_Icon: {fileID: 0}
  m_NavMeshLayer: 0
  m_StaticEditorFlags: 0
  m_IsActive: 1
--- !u!1 &1621785018061196
GameObject:
  m_ObjectHideFlags: 0
  m_PrefabParentObject: {fileID: 0}
  m_PrefabInternal: {fileID: 100100000}
  serializedVersion: 5
  m_Component:
  - component: {fileID: 4357533866999682}
  - component: {fileID: 95130603312411488}
  - component: {fileID: 114361002972654228}
  m_Layer: 0
  m_Name: 5631521b
  m_TagString: Untagged
  m_Icon: {fileID: 0}
  m_NavMeshLayer: 0
  m_StaticEditorFlags: 0
  m_IsActive: 1
--- !u!4 &4036973636666378
Transform:
  m_ObjectHideFlags: 1
  m_PrefabParentObject: {fileID: 0}
  m_PrefabInternal: {fileID: 100100000}
  m_GameObject: {fileID: 1170183385693424}
  m_LocalRotation: {x: -0.12744725, y: 0.9122486, z: 0.19901848, w: -0.33459148}
  m_LocalPosition: {x: 0.8125958, y: 0.7235005, z: -1.0488893}
  m_LocalScale: {x: 1.0000013, y: 1.0000004, z: 1.0000012}
  m_Children: []
  m_Father: {fileID: 4357533866999682}
  m_RootOrder: 2
  m_LocalEulerAnglesHint: {x: 0, y: 0, z: 0}
--- !u!4 &4173119338866402
Transform:
  m_ObjectHideFlags: 1
  m_PrefabParentObject: {fileID: 0}
  m_PrefabInternal: {fileID: 100100000}
  m_GameObject: {fileID: 1299127772329820}
  m_LocalRotation: {x: -0.31931442, y: -0.15194619, z: 0.92147255, w: 0.16074534}
  m_LocalPosition: {x: -0.73847616, y: 0.7356886, z: -1.0799708}
  m_LocalScale: {x: -1.000001, y: -1.0000008, z: -1.0000002}
  m_Children: []
  m_Father: {fileID: 4357533866999682}
  m_RootOrder: 4
  m_LocalEulerAnglesHint: {x: 0, y: 0, z: 0}
--- !u!4 &4357533866999682
Transform:
  m_ObjectHideFlags: 1
  m_PrefabParentObject: {fileID: 0}
  m_PrefabInternal: {fileID: 100100000}
  m_GameObject: {fileID: 1621785018061196}
  m_LocalRotation: {x: 0, y: 0, z: 0, w: 1}
  m_LocalPosition: {x: 0, y: 0, z: 0}
  m_LocalScale: {x: 1, y: 1, z: 1}
  m_Children:
  - {fileID: 4385987434734280}
  - {fileID: 4431268730109362}
  - {fileID: 4036973636666378}
  - {fileID: 4713366421127580}
  - {fileID: 4173119338866402}
  m_Father: {fileID: 0}
  m_RootOrder: 0
  m_LocalEulerAnglesHint: {x: 0, y: 0, z: 0}
--- !u!4 &4385987434734280
Transform:
  m_ObjectHideFlags: 1
  m_PrefabParentObject: {fileID: 0}
  m_PrefabInternal: {fileID: 100100000}
  m_GameObject: {fileID: 1239665847416172}
  m_LocalRotation: {x: -0.42762688, y: -0.33744907, z: 0.6481338, w: 0.5321522}
  m_LocalPosition: {x: -0.17535536, y: -0.7726024, z: -0.070509665}
  m_LocalScale: {x: -0.9999999, y: -1.0000004, z: -1}
  m_Children: []
  m_Father: {fileID: 4357533866999682}
  m_RootOrder: 0
  m_LocalEulerAnglesHint: {x: 0, y: 0, z: 0}
--- !u!4 &4431268730109362
Transform:
  m_ObjectHideFlags: 1
  m_PrefabParentObject: {fileID: 0}
  m_PrefabInternal: {fileID: 100100000}
  m_GameObject: {fileID: 1454464307537974}
  m_LocalRotation: {x: -0.14712451, y: 0.8429147, z: 0.1747871, w: -0.4871332}
  m_LocalPosition: {x: 0.36926275, y: 0.33883166, z: -0.3410147}
  m_LocalScale: {x: 1.0000002, y: 1.0000002, z: 1.0000002}
  m_Children: []
  m_Father: {fileID: 4357533866999682}
  m_RootOrder: 1
  m_LocalEulerAnglesHint: {x: 0, y: 0, z: 0}
--- !u!4 &4713366421127580
Transform:
  m_ObjectHideFlags: 1
  m_PrefabParentObject: {fileID: 0}
  m_PrefabInternal: {fileID: 100100000}
  m_GameObject: {fileID: 1209116032152682}
  m_LocalRotation: {x: -0.5058775, y: -0.11858261, z: 0.83401895, w: 0.1855764}
  m_LocalPosition: {x: -0.3529033, y: 0.34071213, z: -0.34449208}
  m_LocalScale: {x: -1.0000006, y: -1.0000002, z: -1.0000001}
  m_Children: []
  m_Father: {fileID: 4357533866999682}
  m_RootOrder: 3
  m_LocalEulerAnglesHint: {x: 0, y: 0, z: 0}
--- !u!95 &95130603312411488
Animator:
  serializedVersion: 3
  m_ObjectHideFlags: 1
  m_PrefabParentObject: {fileID: 0}
  m_PrefabInternal: {fileID: 100100000}
  m_GameObject: {fileID: 1621785018061196}
  m_Enabled: 1
  m_Avatar: {fileID: 9000000, guid: 4ba1415338250874bbe8fb7daa54b764, type: 3}
  m_Controller: {fileID: 9100000, guid: 2d97f42067468ba468e03fc1bb48ec8a, type: 2}
  m_CullingMode: 2
  m_UpdateMode: 1
  m_ApplyRootMotion: 0
  m_LinearVelocityBlending: 0
  m_WarningMessage: 
  m_HasTransformHierarchy: 0
  m_AllowConstantClipSamplingOptimization: 1
--- !u!114 &114361002972654228
MonoBehaviour:
  m_ObjectHideFlags: 1
  m_PrefabParentObject: {fileID: 0}
  m_PrefabInternal: {fileID: 100100000}
  m_GameObject: {fileID: 1621785018061196}
  m_Enabled: 1
  m_EditorHideFlags: 0
  m_Script: {fileID: 11500000, guid: 7409368713d5c3d4cabb6f121204de64, type: 3}
  m_Name: 
  m_EditorClassIdentifier: 
  effectT:
  - {fileID: 4431268730109362}
  - {fileID: 4036973636666378}
  - {fileID: 4713366421127580}
  - {fileID: 4173119338866402}
  effects:
  - {fileID: 1045350376914838, guid: 97daf78247322bf47a3ae2dca48b28ec, type: 2}
  - {fileID: 1559329190161604, guid: 7410b60e15f9cb34793a8bb9e9df06d8, type: 2}
  - {fileID: 1595748675559432, guid: 930b46bfa7e39264ca7afd4682726317, type: 2}
  - {fileID: 1443693446928294, guid: 9e85d6e8f7cfa7c4a8fc25eac63f290f, type: 2}
--- !u!137 &137377439269450502
SkinnedMeshRenderer:
  m_ObjectHideFlags: 1
  m_PrefabParentObject: {fileID: 0}
  m_PrefabInternal: {fileID: 100100000}
  m_GameObject: {fileID: 1239665847416172}
  m_Enabled: 1
  m_CastShadows: 0
  m_ReceiveShadows: 0
  m_MotionVectors: 2
  m_LightProbeUsage: 0
  m_ReflectionProbeUsage: 0
  m_Materials:
  - {fileID: 2100000, guid: 1bf1b2e6428c75b44adb788fd05a1019, type: 2}
  m_StaticBatchInfo:
    firstSubMesh: 0
    subMeshCount: 0
  m_StaticBatchRoot: {fileID: 0}
  m_ProbeAnchor: {fileID: 0}
  m_LightProbeVolumeOverride: {fileID: 0}
  m_ScaleInLightmap: 1
  m_PreserveUVs: 0
  m_IgnoreNormalsForChartDetection: 0
  m_ImportantGI: 0
  m_SelectedEditorRenderState: 3
  m_MinimumChartSize: 4
  m_AutoUVMaxDistance: 0.5
  m_AutoUVMaxAngle: 89
  m_LightmapParameters: {fileID: 0}
  m_SortingLayerID: 0
  m_SortingLayer: 0
  m_SortingOrder: 0
  serializedVersion: 2
  m_Quality: 0
  m_UpdateWhenOffscreen: 0
  m_SkinnedMotionVectors: 0
  m_Mesh: {fileID: 4300000, guid: 4ba1415338250874bbe8fb7daa54b764, type: 3}
  m_Bones: []
  m_BlendShapeWeights: []
  m_RootBone: {fileID: 0}
  m_AABB:
    m_Center: {x: -1.5552578, y: -0.34757018, z: 0.48486698}
    m_Extent: {x: 1.7691317, y: 1.9954398, z: 3.016572}
  m_DirtyAABB: 0
