%YAML 1.1
%TAG !u! tag:unity3d.com,2011:
--- !u!1001 &100100000
Prefab:
  m_ObjectHideFlags: 1
  serializedVersion: 2
  m_Modification:
    m_TransformParent: {fileID: 0}
    m_Modifications: []
    m_RemovedComponents: []
  m_ParentPrefab: {fileID: 0}
  m_RootGameObject: {fileID: 1669687646679798}
  m_IsPrefabParent: 1
--- !u!1 &1321345349064616
GameObject:
  m_ObjectHideFlags: 0
  m_PrefabParentObject: {fileID: 0}
  m_PrefabInternal: {fileID: 100100000}
  serializedVersion: 5
  m_Component:
  - component: {fileID: 4860596697663256}
  - component: {fileID: 33953887746234744}
  - component: {fileID: 114874418337375610}
  - component: {fileID: 114906813230646986}
  - component: {fileID: 23129820372465828}
  m_Layer: 0
  m_Name: 10000015_1b_w
  m_TagString: Untagged
  m_Icon: {fileID: 0}
  m_NavMeshLayer: 0
  m_StaticEditorFlags: 0
  m_IsActive: 1
--- !u!1 &1669687646679798
GameObject:
  m_ObjectHideFlags: 0
  m_PrefabParentObject: {fileID: 0}
  m_PrefabInternal: {fileID: 100100000}
  serializedVersion: 5
  m_Component:
  - component: {fileID: 4963229037413616}
  m_Layer: 0
  m_Name: 10000015_1b_w
  m_TagString: Untagged
  m_Icon: {fileID: 0}
  m_NavMeshLayer: 0
  m_StaticEditorFlags: 0
  m_IsActive: 1
--- !u!4 &4860596697663256
Transform:
  m_ObjectHideFlags: 1
  m_PrefabParentObject: {fileID: 0}
  m_PrefabInternal: {fileID: 100100000}
  m_GameObject: {fileID: 1321345349064616}
  m_LocalRotation: {x: 0.9659258, y: 0, z: 0, w: 0.2588191}
  m_LocalPosition: {x: 0, y: 1.26, z: 0.75}
  m_LocalScale: {x: 1.4, y: 1.4, z: 1.4}
  m_Children: []
  m_Father: {fileID: 4963229037413616}
  m_RootOrder: 0
  m_LocalEulerAnglesHint: {x: 150, y: 0, z: 0}
--- !u!4 &4963229037413616
Transform:
  m_ObjectHideFlags: 1
  m_PrefabParentObject: {fileID: 0}
  m_PrefabInternal: {fileID: 100100000}
  m_GameObject: {fileID: 1669687646679798}
  m_LocalRotation: {x: 0, y: 0, z: 0, w: 1}
  m_LocalPosition: {x: 0, y: 0, z: 0}
  m_LocalScale: {x: 1, y: 1, z: 1}
  m_Children:
  - {fileID: 4860596697663256}
  m_Father: {fileID: 0}
  m_RootOrder: 0
  m_LocalEulerAnglesHint: {x: 0, y: 0, z: 0}
--- !u!23 &23129820372465828
MeshRenderer:
  m_ObjectHideFlags: 1
  m_PrefabParentObject: {fileID: 0}
  m_PrefabInternal: {fileID: 100100000}
  m_GameObject: {fileID: 1321345349064616}
  m_Enabled: 1
  m_CastShadows: 0
  m_ReceiveShadows: 0
  m_MotionVectors: 1
  m_LightProbeUsage: 0
  m_ReflectionProbeUsage: 0
  m_Materials:
  - {fileID: 2100000, guid: 947fb27c286eedc4383d60ae38ff4c3f, type: 2}
  m_StaticBatchInfo:
    firstSubMesh: 0
    subMeshCount: 0
  m_StaticBatchRoot: {fileID: 0}
  m_ProbeAnchor: {fileID: 0}
  m_LightProbeVolumeOverride: {fileID: 0}
  m_ScaleInLightmap: 1
  m_PreserveUVs: 0
  m_IgnoreNormalsForChartDetection: 0
  m_ImportantGI: 0
  m_SelectedEditorRenderState: 3
  m_MinimumChartSize: 4
  m_AutoUVMaxDistance: 0.5
  m_AutoUVMaxAngle: 89
  m_LightmapParameters: {fileID: 0}
  m_SortingLayerID: 0
  m_SortingLayer: 0
  m_SortingOrder: 0
--- !u!33 &33953887746234744
MeshFilter:
  m_ObjectHideFlags: 1
  m_PrefabParentObject: {fileID: 0}
  m_PrefabInternal: {fileID: 100100000}
  m_GameObject: {fileID: 1321345349064616}
  m_Mesh: {fileID: 4300000, guid: 6f2ba81931339fc498046e8232aac1cb, type: 3}
--- !u!114 &114874418337375610
MonoBehaviour:
  m_ObjectHideFlags: 1
  m_PrefabParentObject: {fileID: 0}
  m_PrefabInternal: {fileID: 100100000}
  m_GameObject: {fileID: 1321345349064616}
  m_Enabled: 1
  m_EditorHideFlags: 0
  m_Script: {fileID: 11500000, guid: 7409368713d5c3d4cabb6f121204de64, type: 3}
  m_Name: 
  m_EditorClassIdentifier: 
  effectT:
  - {fileID: 4860596697663256}
  effects:
  - {fileID: 1373050994325558, guid: 0cd67381602de214498fe9ae4a038c31, type: 2}
--- !u!114 &114906813230646986
MonoBehaviour:
  m_ObjectHideFlags: 1
  m_PrefabParentObject: {fileID: 0}
  m_PrefabInternal: {fileID: 100100000}
  m_GameObject: {fileID: 1321345349064616}
  m_Enabled: 1
  m_EditorHideFlags: 0
  m_Script: {fileID: 11500000, guid: 92d0dba4615c71d45bdbfd7c49b539ca, type: 3}
  m_Name: 
  m_EditorClassIdentifier: 
  m_fUserTag: 0
  m_OnEndAniFunction: OnEndAnimation
  m_CurveInfoList:
  - m_bEnabled: 1
    m_CurveName: 
    m_AniCurve:
      serializedVersion: 2
      m_Curve:
      - serializedVersion: 2
        time: 0
        value: 0.2
        inSlope: 0
        outSlope: 0
        tangentMode: 0
      - serializedVersion: 2
        time: 0.50072265
        value: -0.002105236
        inSlope: -0.0000007440256
        outSlope: -0.0000007440256
        tangentMode: 0
      - serializedVersion: 2
        time: 1
        value: 0.2
        inSlope: -0
        outSlope: -0
        tangentMode: 0
      m_PreInfinity: 1
      m_PostInfinity: 1
      m_RotationOrder: 0
    m_ApplyType: 1
    m_bApplyOption: 00010000
    m_bRecursively: 0
    m_fValueScale: 1
    m_FromColor: {x: 1, y: 1, z: 1, w: 1}
    m_ToColor: {x: 1, y: 1, z: 1, w: 0}
    m_nTag: 0
    m_nSortGroup: 0
    m_OriginalValue: {x: 0, y: 0, z: 0, w: 0}
    m_BeforeValue: {x: 0, y: 0, z: 0, w: 0}
    m_ChildOriginalColorValues: []
    m_ChildBeforeColorValues: []
  m_fDelayTime: 0
  m_fDurationTime: 2
  m_fAddElapsedTime: 0
