%YAML 1.1
%TAG !u! tag:unity3d.com,2011:
--- !u!1001 &100100000
Prefab:
  m_ObjectHideFlags: 1
  serializedVersion: 2
  m_Modification:
    m_TransformParent: {fileID: 0}
    m_Modifications: []
    m_RemovedComponents: []
  m_ParentPrefab: {fileID: 0}
  m_RootGameObject: {fileID: 1396369023707366}
  m_IsPrefabParent: 1
--- !u!1 &1061383274600638
GameObject:
  m_ObjectHideFlags: 1
  m_PrefabParentObject: {fileID: 0}
  m_PrefabInternal: {fileID: 100100000}
  serializedVersion: 5
  m_Component:
  - component: {fileID: 4996872527816640}
  - component: {fileID: 33868451852592028}
  - component: {fileID: 23433199529208964}
  - component: {fileID: 114899012739391870}
  - component: {fileID: 114297187600752062}
  m_Layer: 0
  m_Name: FXMakerNewPlanePrefab
  m_TagString: Untagged
  m_Icon: {fileID: 0}
  m_NavMeshLayer: 0
  m_StaticEditorFlags: 0
  m_IsActive: 1
--- !u!1 &1254345094482636
GameObject:
  m_ObjectHideFlags: 0
  m_PrefabParentObject: {fileID: 0}
  m_PrefabInternal: {fileID: 100100000}
  serializedVersion: 5
  m_Component:
  - component: {fileID: 4572460533909852}
  m_Layer: 0
  m_Name: 70010031
  m_TagString: Untagged
  m_Icon: {fileID: 0}
  m_NavMeshLayer: 0
  m_StaticEditorFlags: 0
  m_IsActive: 1
--- !u!1 &1261330144193530
GameObject:
  m_ObjectHideFlags: 1
  m_PrefabParentObject: {fileID: 0}
  m_PrefabInternal: {fileID: 100100000}
  serializedVersion: 5
  m_Component:
  - component: {fileID: 4140869256544588}
  m_Layer: 0
  m_Name: tx
  m_TagString: Untagged
  m_Icon: {fileID: 0}
  m_NavMeshLayer: 0
  m_StaticEditorFlags: 0
  m_IsActive: 1
--- !u!1 &1350512257163998
GameObject:
  m_ObjectHideFlags: 1
  m_PrefabParentObject: {fileID: 0}
  m_PrefabInternal: {fileID: 100100000}
  serializedVersion: 5
  m_Component:
  - component: {fileID: 4975095204012390}
  - component: {fileID: 33758605646305162}
  - component: {fileID: 23879782852541106}
  - component: {fileID: 114927986833919352}
  - component: {fileID: 114430817466174226}
  m_Layer: 23
  m_Name: FXMakerNewPlanePrefab(Clone)
  m_TagString: Untagged
  m_Icon: {fileID: 0}
  m_NavMeshLayer: 0
  m_StaticEditorFlags: 0
  m_IsActive: 1
--- !u!1 &1396369023707366
GameObject:
  m_ObjectHideFlags: 0
  m_PrefabParentObject: {fileID: 0}
  m_PrefabInternal: {fileID: 100100000}
  serializedVersion: 5
  m_Component:
  - component: {fileID: 4394101739137366}
  m_Layer: 0
  m_Name: 70010031
  m_TagString: Untagged
  m_Icon: {fileID: 0}
  m_NavMeshLayer: 0
  m_StaticEditorFlags: 0
  m_IsActive: 1
--- !u!1 &1434200725938184
GameObject:
  m_ObjectHideFlags: 1
  m_PrefabParentObject: {fileID: 0}
  m_PrefabInternal: {fileID: 100100000}
  serializedVersion: 5
  m_Component:
  - component: {fileID: 4779966795022338}
  - component: {fileID: 33856499073796416}
  - component: {fileID: 23072609226725906}
  - component: {fileID: 114693477738745662}
  - component: {fileID: 114763326498752298}
  - component: {fileID: 114662486212914838}
  m_Layer: 19
  m_Name: FXMakerNewPlanePrefab
  m_TagString: Untagged
  m_Icon: {fileID: 0}
  m_NavMeshLayer: 0
  m_StaticEditorFlags: 0
  m_IsActive: 1
--- !u!1 &1477515215730888
GameObject:
  m_ObjectHideFlags: 1
  m_PrefabParentObject: {fileID: 0}
  m_PrefabInternal: {fileID: 100100000}
  serializedVersion: 5
  m_Component:
  - component: {fileID: 4495913289087534}
  - component: {fileID: 33688777984179852}
  - component: {fileID: 23269405965209112}
  - component: {fileID: 114736628564494464}
  - component: {fileID: 114493323817145890}
  m_Layer: 0
  m_Name: FXMakerNewPlanePrefab(Clone)
  m_TagString: Untagged
  m_Icon: {fileID: 0}
  m_NavMeshLayer: 0
  m_StaticEditorFlags: 0
  m_IsActive: 1
--- !u!1 &1845474875241554
GameObject:
  m_ObjectHideFlags: 1
  m_PrefabParentObject: {fileID: 0}
  m_PrefabInternal: {fileID: 100100000}
  serializedVersion: 5
  m_Component:
  - component: {fileID: 4281001148456974}
  m_Layer: 0
  m_Name: GameObject
  m_TagString: Untagged
  m_Icon: {fileID: 0}
  m_NavMeshLayer: 0
  m_StaticEditorFlags: 0
  m_IsActive: 1
--- !u!1 &1976877641023636
GameObject:
  m_ObjectHideFlags: 1
  m_PrefabParentObject: {fileID: 0}
  m_PrefabInternal: {fileID: 100100000}
  serializedVersion: 5
  m_Component:
  - component: {fileID: 4913157764021682}
  m_Layer: 0
  m_Name: GameObject
  m_TagString: Untagged
  m_Icon: {fileID: 0}
  m_NavMeshLayer: 0
  m_StaticEditorFlags: 0
  m_IsActive: 1
--- !u!4 &4140869256544588
Transform:
  m_ObjectHideFlags: 1
  m_PrefabParentObject: {fileID: 0}
  m_PrefabInternal: {fileID: 100100000}
  m_GameObject: {fileID: 1261330144193530}
  m_LocalRotation: {x: 0, y: 0, z: 0, w: 1}
  m_LocalPosition: {x: 0, y: 0, z: 0.5875044}
  m_LocalScale: {x: 0.6, y: 0.6, z: 0.6}
  m_Children:
  - {fileID: 4281001148456974}
  - {fileID: 4975095204012390}
  - {fileID: 4996872527816640}
  m_Father: {fileID: 4572460533909852}
  m_RootOrder: 0
  m_LocalEulerAnglesHint: {x: 0, y: 0, z: 0}
--- !u!4 &4281001148456974
Transform:
  m_ObjectHideFlags: 1
  m_PrefabParentObject: {fileID: 0}
  m_PrefabInternal: {fileID: 100100000}
  m_GameObject: {fileID: 1845474875241554}
  m_LocalRotation: {x: 0, y: 0, z: 0, w: 1}
  m_LocalPosition: {x: -0.052585594, y: 2, z: -0.8654493}
  m_LocalScale: {x: 1, y: 1, z: 1}
  m_Children:
  - {fileID: 4913157764021682}
  m_Father: {fileID: 4140869256544588}
  m_RootOrder: 0
  m_LocalEulerAnglesHint: {x: 0, y: 0, z: 0}
--- !u!4 &4394101739137366
Transform:
  m_ObjectHideFlags: 1
  m_PrefabParentObject: {fileID: 0}
  m_PrefabInternal: {fileID: 100100000}
  m_GameObject: {fileID: 1396369023707366}
  m_LocalRotation: {x: 0, y: 0, z: 0, w: 1}
  m_LocalPosition: {x: 0, y: 0, z: 0}
  m_LocalScale: {x: 1, y: 1, z: 1}
  m_Children:
  - {fileID: 4572460533909852}
  m_Father: {fileID: 0}
  m_RootOrder: 0
  m_LocalEulerAnglesHint: {x: 0, y: 0, z: 0}
--- !u!4 &4495913289087534
Transform:
  m_ObjectHideFlags: 1
  m_PrefabParentObject: {fileID: 0}
  m_PrefabInternal: {fileID: 100100000}
  m_GameObject: {fileID: 1477515215730888}
  m_LocalRotation: {x: 0, y: 0, z: -0.28401536, w: 0.95881975}
  m_LocalPosition: {x: 0.017222736, y: 4.973799e-15, z: -0.02459653}
  m_LocalScale: {x: 0.7, y: 0.7, z: 0.7}
  m_Children: []
  m_Father: {fileID: 4913157764021682}
  m_RootOrder: 0
  m_LocalEulerAnglesHint: {x: 0, y: 0, z: 0}
--- !u!4 &4572460533909852
Transform:
  m_ObjectHideFlags: 1
  m_PrefabParentObject: {fileID: 0}
  m_PrefabInternal: {fileID: 100100000}
  m_GameObject: {fileID: 1254345094482636}
  m_LocalRotation: {x: -0, y: -0, z: -0, w: 1}
  m_LocalPosition: {x: 0, y: 0, z: 0}
  m_LocalScale: {x: 1.9, y: 1.9, z: 1.9}
  m_Children:
  - {fileID: 4140869256544588}
  m_Father: {fileID: 4394101739137366}
  m_RootOrder: 0
  m_LocalEulerAnglesHint: {x: 0, y: 0, z: 0}
--- !u!4 &4779966795022338
Transform:
  m_ObjectHideFlags: 1
  m_PrefabParentObject: {fileID: 0}
  m_PrefabInternal: {fileID: 100100000}
  m_GameObject: {fileID: 1434200725938184}
  m_LocalRotation: {x: 0, y: 0, z: 0, w: 1}
  m_LocalPosition: {x: 0, y: 0, z: 0}
  m_LocalScale: {x: 1, y: 1, z: 1}
  m_Children: []
  m_Father: {fileID: 4913157764021682}
  m_RootOrder: 1
  m_LocalEulerAnglesHint: {x: 0, y: 0, z: 0}
--- !u!4 &4913157764021682
Transform:
  m_ObjectHideFlags: 1
  m_PrefabParentObject: {fileID: 0}
  m_PrefabInternal: {fileID: 100100000}
  m_GameObject: {fileID: 1976877641023636}
  m_LocalRotation: {x: 0.3833845, y: -0.63451666, z: 0.6531481, w: -0.15428068}
  m_LocalPosition: {x: -0.9654672, y: 1.0459785, z: 0.56356406}
  m_LocalScale: {x: 12, y: 12, z: 12}
  m_Children:
  - {fileID: 4495913289087534}
  - {fileID: 4779966795022338}
  m_Father: {fileID: 4281001148456974}
  m_RootOrder: 0
  m_LocalEulerAnglesHint: {x: 0, y: 0, z: 0}
--- !u!4 &4975095204012390
Transform:
  m_ObjectHideFlags: 1
  m_PrefabParentObject: {fileID: 0}
  m_PrefabInternal: {fileID: 100100000}
  m_GameObject: {fileID: 1350512257163998}
  m_LocalRotation: {x: 0.7071068, y: 0, z: 0, w: 0.7071068}
  m_LocalPosition: {x: -1.4893883, y: 0.049999986, z: 3.9671605}
  m_LocalScale: {x: 3, y: 3, z: 3}
  m_Children: []
  m_Father: {fileID: 4140869256544588}
  m_RootOrder: 1
  m_LocalEulerAnglesHint: {x: 0, y: 0, z: 0}
--- !u!4 &4996872527816640
Transform:
  m_ObjectHideFlags: 1
  m_PrefabParentObject: {fileID: 0}
  m_PrefabInternal: {fileID: 100100000}
  m_GameObject: {fileID: 1061383274600638}
  m_LocalRotation: {x: 0.7071068, y: 0, z: 0, w: 0.7071068}
  m_LocalPosition: {x: -0.93470764, y: 0.049999934, z: 3.9700918}
  m_LocalScale: {x: 4, y: 4, z: 4}
  m_Children: []
  m_Father: {fileID: 4140869256544588}
  m_RootOrder: 2
  m_LocalEulerAnglesHint: {x: 0, y: 0, z: 0}
--- !u!23 &23072609226725906
MeshRenderer:
  m_ObjectHideFlags: 1
  m_PrefabParentObject: {fileID: 0}
  m_PrefabInternal: {fileID: 100100000}
  m_GameObject: {fileID: 1434200725938184}
  m_Enabled: 1
  m_CastShadows: 0
  m_ReceiveShadows: 0
  m_MotionVectors: 1
  m_LightProbeUsage: 0
  m_ReflectionProbeUsage: 1
  m_Materials:
  - {fileID: 0}
  m_StaticBatchInfo:
    firstSubMesh: 0
    subMeshCount: 0
  m_StaticBatchRoot: {fileID: 0}
  m_ProbeAnchor: {fileID: 0}
  m_LightProbeVolumeOverride: {fileID: 0}
  m_ScaleInLightmap: 1
  m_PreserveUVs: 0
  m_IgnoreNormalsForChartDetection: 0
  m_ImportantGI: 0
  m_SelectedEditorRenderState: 3
  m_MinimumChartSize: 4
  m_AutoUVMaxDistance: 0.5
  m_AutoUVMaxAngle: 89
  m_LightmapParameters: {fileID: 0}
  m_SortingLayerID: 0
  m_SortingLayer: 0
  m_SortingOrder: 0
--- !u!23 &23269405965209112
MeshRenderer:
  m_ObjectHideFlags: 1
  m_PrefabParentObject: {fileID: 0}
  m_PrefabInternal: {fileID: 100100000}
  m_GameObject: {fileID: 1477515215730888}
  m_Enabled: 1
  m_CastShadows: 0
  m_ReceiveShadows: 0
  m_MotionVectors: 1
  m_LightProbeUsage: 0
  m_ReflectionProbeUsage: 1
  m_Materials:
  - {fileID: 0}
  m_StaticBatchInfo:
    firstSubMesh: 0
    subMeshCount: 0
  m_StaticBatchRoot: {fileID: 0}
  m_ProbeAnchor: {fileID: 0}
  m_LightProbeVolumeOverride: {fileID: 0}
  m_ScaleInLightmap: 1
  m_PreserveUVs: 0
  m_IgnoreNormalsForChartDetection: 0
  m_ImportantGI: 0
  m_SelectedEditorRenderState: 3
  m_MinimumChartSize: 4
  m_AutoUVMaxDistance: 0.5
  m_AutoUVMaxAngle: 89
  m_LightmapParameters: {fileID: 0}
  m_SortingLayerID: 0
  m_SortingLayer: 0
  m_SortingOrder: 0
--- !u!23 &23433199529208964
MeshRenderer:
  m_ObjectHideFlags: 1
  m_PrefabParentObject: {fileID: 0}
  m_PrefabInternal: {fileID: 100100000}
  m_GameObject: {fileID: 1061383274600638}
  m_Enabled: 1
  m_CastShadows: 0
  m_ReceiveShadows: 0
  m_MotionVectors: 1
  m_LightProbeUsage: 0
  m_ReflectionProbeUsage: 1
  m_Materials:
  - {fileID: 0}
  m_StaticBatchInfo:
    firstSubMesh: 0
    subMeshCount: 0
  m_StaticBatchRoot: {fileID: 0}
  m_ProbeAnchor: {fileID: 0}
  m_LightProbeVolumeOverride: {fileID: 0}
  m_ScaleInLightmap: 1
  m_PreserveUVs: 0
  m_IgnoreNormalsForChartDetection: 0
  m_ImportantGI: 0
  m_SelectedEditorRenderState: 3
  m_MinimumChartSize: 4
  m_AutoUVMaxDistance: 0.5
  m_AutoUVMaxAngle: 89
  m_LightmapParameters: {fileID: 0}
  m_SortingLayerID: 0
  m_SortingLayer: 0
  m_SortingOrder: 0
--- !u!23 &23879782852541106
MeshRenderer:
  m_ObjectHideFlags: 1
  m_PrefabParentObject: {fileID: 0}
  m_PrefabInternal: {fileID: 100100000}
  m_GameObject: {fileID: 1350512257163998}
  m_Enabled: 1
  m_CastShadows: 0
  m_ReceiveShadows: 0
  m_MotionVectors: 1
  m_LightProbeUsage: 0
  m_ReflectionProbeUsage: 1
  m_Materials:
  - {fileID: 0}
  m_StaticBatchInfo:
    firstSubMesh: 0
    subMeshCount: 0
  m_StaticBatchRoot: {fileID: 0}
  m_ProbeAnchor: {fileID: 0}
  m_LightProbeVolumeOverride: {fileID: 0}
  m_ScaleInLightmap: 1
  m_PreserveUVs: 0
  m_IgnoreNormalsForChartDetection: 0
  m_ImportantGI: 0
  m_SelectedEditorRenderState: 3
  m_MinimumChartSize: 4
  m_AutoUVMaxDistance: 0.5
  m_AutoUVMaxAngle: 89
  m_LightmapParameters: {fileID: 0}
  m_SortingLayerID: 0
  m_SortingLayer: 0
  m_SortingOrder: 0
--- !u!33 &33688777984179852
MeshFilter:
  m_ObjectHideFlags: 1
  m_PrefabParentObject: {fileID: 0}
  m_PrefabInternal: {fileID: 100100000}
  m_GameObject: {fileID: 1477515215730888}
  m_Mesh: {fileID: 4300000, guid: 72682f900d31b084ab24fefe704893f0, type: 3}
--- !u!33 &33758605646305162
MeshFilter:
  m_ObjectHideFlags: 1
  m_PrefabParentObject: {fileID: 0}
  m_PrefabInternal: {fileID: 100100000}
  m_GameObject: {fileID: 1350512257163998}
  m_Mesh: {fileID: 4300000, guid: b060b3a4be360674cbbb599bd4475265, type: 3}
--- !u!33 &33856499073796416
MeshFilter:
  m_ObjectHideFlags: 1
  m_PrefabParentObject: {fileID: 0}
  m_PrefabInternal: {fileID: 100100000}
  m_GameObject: {fileID: 1434200725938184}
  m_Mesh: {fileID: 4300004, guid: a99f765cf2f2a0643a6334bf55d9cf14, type: 3}
--- !u!33 &33868451852592028
MeshFilter:
  m_ObjectHideFlags: 1
  m_PrefabParentObject: {fileID: 0}
  m_PrefabInternal: {fileID: 100100000}
  m_GameObject: {fileID: 1061383274600638}
  m_Mesh: {fileID: 4300000, guid: b060b3a4be360674cbbb599bd4475265, type: 3}
--- !u!114 &114297187600752062
MonoBehaviour:
  m_ObjectHideFlags: 1
  m_PrefabParentObject: {fileID: 0}
  m_PrefabInternal: {fileID: 100100000}
  m_GameObject: {fileID: 1061383274600638}
  m_Enabled: 1
  m_EditorHideFlags: 0
  m_Script: {fileID: 11500000, guid: 92d0dba4615c71d45bdbfd7c49b539ca, type: 3}
  m_Name: 
  m_EditorClassIdentifier: 
  m_fUserTag: 0
  m_OnEndAniFunction: OnEndAnimation
  m_CurveInfoList:
  - m_bEnabled: 1
    m_CurveName: 
    m_AniCurve:
      serializedVersion: 2
      m_Curve:
      - serializedVersion: 2
        time: 0
        value: 1
        inSlope: -4.509372
        outSlope: -4.509372
        tangentMode: 0
      - serializedVersion: 2
        time: 0.1825813
        value: 0.55779064
        inSlope: -0.96925676
        outSlope: -0.96925676
        tangentMode: 0
      - serializedVersion: 2
        time: 0.4537692
        value: 0.6024083
        inSlope: 1.1821893
        outSlope: 1.1821893
        tangentMode: 0
      - serializedVersion: 2
        time: 0.79935044
        value: 0.8962045
        inSlope: 0.80019236
        outSlope: 0.80019236
        tangentMode: 0
      - serializedVersion: 2
        time: 1
        value: 1
        inSlope: 0
        outSlope: 0
        tangentMode: 0
      m_PreInfinity: 2
      m_PostInfinity: 2
      m_RotationOrder: 4
    m_ApplyType: 4
    m_bApplyOption: 00000001
    m_bRecursively: 0
    m_fValueScale: 1
    m_FromColor: {x: 1, y: 1, z: 1, w: 1}
    m_ToColor: {x: 1, y: 1, z: 1, w: 0}
    m_nTag: 0
    m_nSortGroup: 0
    m_OriginalValue: {x: 0, y: 0, z: 0, w: 0}
    m_BeforeValue: {x: 0, y: 0, z: 0, w: 0}
    m_ChildOriginalColorValues: []
    m_ChildBeforeColorValues: []
  - m_bEnabled: 1
    m_CurveName: 
    m_AniCurve:
      serializedVersion: 2
      m_Curve:
      - serializedVersion: 2
        time: 0
        value: -0.010162592
        inSlope: 0
        outSlope: 0
        tangentMode: 0
      - serializedVersion: 2
        time: 0.39034855
        value: 0.92276424
        inSlope: 0.44167042
        outSlope: 0.12668839
        tangentMode: 65
      - serializedVersion: 2
        time: 1
        value: 1
        inSlope: 0
        outSlope: 0
        tangentMode: 0
      m_PreInfinity: 2
      m_PostInfinity: 2
      m_RotationOrder: 4
    m_ApplyType: 3
    m_bApplyOption: 01010101
    m_bRecursively: 0
    m_fValueScale: 4
    m_FromColor: {x: 1, y: 1, z: 1, w: 1}
    m_ToColor: {x: 1, y: 1, z: 1, w: 0}
    m_nTag: 0
    m_nSortGroup: 0
    m_OriginalValue: {x: 0, y: 0, z: 0, w: 0}
    m_BeforeValue: {x: 0, y: 0, z: 0, w: 0}
    m_ChildOriginalColorValues: []
    m_ChildBeforeColorValues: []
  m_fDelayTime: 0.65
  m_fDurationTime: 0.4
  m_fAddElapsedTime: 0
--- !u!114 &114430817466174226
MonoBehaviour:
  m_ObjectHideFlags: 1
  m_PrefabParentObject: {fileID: 0}
  m_PrefabInternal: {fileID: 100100000}
  m_GameObject: {fileID: 1350512257163998}
  m_Enabled: 1
  m_EditorHideFlags: 0
  m_Script: {fileID: 11500000, guid: 92d0dba4615c71d45bdbfd7c49b539ca, type: 3}
  m_Name: 
  m_EditorClassIdentifier: 
  m_fUserTag: 0
  m_OnEndAniFunction: OnEndAnimation
  m_CurveInfoList:
  - m_bEnabled: 1
    m_CurveName: 
    m_AniCurve:
      serializedVersion: 2
      m_Curve:
      - serializedVersion: 2
        time: 0
        value: 1
        inSlope: -4.509372
        outSlope: -4.509372
        tangentMode: 0
      - serializedVersion: 2
        time: 0.18696344
        value: 0.3707988
        inSlope: -0.96925676
        outSlope: -0.96925676
        tangentMode: 0
      - serializedVersion: 2
        time: 0.45815134
        value: 0.41541642
        inSlope: 2.4876745
        outSlope: 2.4876745
        tangentMode: 0
      - serializedVersion: 2
        time: 0.79935044
        value: 0.8962045
        inSlope: 0.80019236
        outSlope: 0.80019236
        tangentMode: 0
      - serializedVersion: 2
        time: 1
        value: 1
        inSlope: 0
        outSlope: 0
        tangentMode: 0
      m_PreInfinity: 2
      m_PostInfinity: 2
      m_RotationOrder: 4
    m_ApplyType: 4
    m_bApplyOption: 00000001
    m_bRecursively: 0
    m_fValueScale: 1
    m_FromColor: {x: 1, y: 1, z: 1, w: 1}
    m_ToColor: {x: 1, y: 1, z: 1, w: 0}
    m_nTag: 0
    m_nSortGroup: 0
    m_OriginalValue: {x: 0, y: 0, z: 0, w: 0}
    m_BeforeValue: {x: 0, y: 0, z: 0, w: 0}
    m_ChildOriginalColorValues: []
    m_ChildBeforeColorValues: []
  - m_bEnabled: 1
    m_CurveName: 
    m_AniCurve:
      serializedVersion: 2
      m_Curve:
      - serializedVersion: 2
        time: 0
        value: -0.010162592
        inSlope: 0
        outSlope: 0
        tangentMode: 0
      - serializedVersion: 2
        time: 0.39034855
        value: 0.92276424
        inSlope: 0.44167042
        outSlope: 0.12668839
        tangentMode: 65
      - serializedVersion: 2
        time: 1
        value: 1
        inSlope: 0
        outSlope: 0
        tangentMode: 0
      m_PreInfinity: 2
      m_PostInfinity: 2
      m_RotationOrder: 4
    m_ApplyType: 3
    m_bApplyOption: 01010101
    m_bRecursively: 0
    m_fValueScale: 5
    m_FromColor: {x: 1, y: 1, z: 1, w: 1}
    m_ToColor: {x: 1, y: 1, z: 1, w: 0}
    m_nTag: 0
    m_nSortGroup: 0
    m_OriginalValue: {x: 0, y: 0, z: 0, w: 0}
    m_BeforeValue: {x: 0, y: 0, z: 0, w: 0}
    m_ChildOriginalColorValues: []
    m_ChildBeforeColorValues: []
  m_fDelayTime: 0.65
  m_fDurationTime: 0.4
  m_fAddElapsedTime: 0
--- !u!114 &114493323817145890
MonoBehaviour:
  m_ObjectHideFlags: 1
  m_PrefabParentObject: {fileID: 0}
  m_PrefabInternal: {fileID: 100100000}
  m_GameObject: {fileID: 1477515215730888}
  m_Enabled: 1
  m_EditorHideFlags: 0
  m_Script: {fileID: 11500000, guid: 92d0dba4615c71d45bdbfd7c49b539ca, type: 3}
  m_Name: 
  m_EditorClassIdentifier: 
  m_fUserTag: 0
  m_OnEndAniFunction: OnEndAnimation
  m_CurveInfoList:
  - m_bEnabled: 1
    m_CurveName: 
    m_AniCurve:
      serializedVersion: 2
      m_Curve:
      - serializedVersion: 2
        time: 0
        value: 1
        inSlope: -4.509372
        outSlope: -4.509372
        tangentMode: 0
      - serializedVersion: 2
        time: 0.24305457
        value: -0.22269711
        inSlope: 2.68181
        outSlope: 2.68181
        tangentMode: 0
      - serializedVersion: 2
        time: 0.5723566
        value: 0.72547275
        inSlope: 0.80019236
        outSlope: 0.80019236
        tangentMode: 0
      - serializedVersion: 2
        time: 1
        value: 1
        inSlope: 0
        outSlope: 0
        tangentMode: 0
      m_PreInfinity: 2
      m_PostInfinity: 2
      m_RotationOrder: 4
    m_ApplyType: 4
    m_bApplyOption: 00000001
    m_bRecursively: 0
    m_fValueScale: 1
    m_FromColor: {x: 1, y: 1, z: 1, w: 1}
    m_ToColor: {x: 1, y: 1, z: 1, w: 0}
    m_nTag: 0
    m_nSortGroup: 0
    m_OriginalValue: {x: 0, y: 0, z: 0, w: 0}
    m_BeforeValue: {x: 0, y: 0, z: 0, w: 0}
    m_ChildOriginalColorValues: []
    m_ChildBeforeColorValues: []
  - m_bEnabled: 1
    m_CurveName: 
    m_AniCurve:
      serializedVersion: 2
      m_Curve:
      - serializedVersion: 2
        time: 0
        value: -0.44308943
        inSlope: 2.9515889
        outSlope: 2.9515889
        tangentMode: 0
      - serializedVersion: 2
        time: 0.18912922
        value: 0.88617885
        inSlope: 0.56505203
        outSlope: 0.14036903
        tangentMode: 65
      - serializedVersion: 2
        time: 1
        value: 1
        inSlope: 0.14036903
        outSlope: 0.23584063
        tangentMode: 5
      m_PreInfinity: 2
      m_PostInfinity: 2
      m_RotationOrder: 4
    m_ApplyType: 2
    m_bApplyOption: 00000100
    m_bRecursively: 0
    m_fValueScale: 100
    m_FromColor: {x: 1, y: 1, z: 1, w: 1}
    m_ToColor: {x: 1, y: 1, z: 1, w: 0}
    m_nTag: 0
    m_nSortGroup: 0
    m_OriginalValue: {x: 0, y: 0, z: 0, w: 0}
    m_BeforeValue: {x: 0, y: 0, z: 0, w: 0}
    m_ChildOriginalColorValues: []
    m_ChildBeforeColorValues: []
  m_fDelayTime: 0.65
  m_fDurationTime: 0.2
  m_fAddElapsedTime: 0
--- !u!114 &114662486212914838
MonoBehaviour:
  m_ObjectHideFlags: 1
  m_PrefabParentObject: {fileID: 0}
  m_PrefabInternal: {fileID: 100100000}
  m_GameObject: {fileID: 1434200725938184}
  m_Enabled: 1
  m_EditorHideFlags: 0
  m_Script: {fileID: 11500000, guid: 47b734d6cf544e946a6217f77fe9aa3d, type: 3}
  m_Name: 
  m_EditorClassIdentifier: 
  m_fUserTag: 0
  m_OnEndAniFunction: OnEndAnimation
  m_fScrollSpeedX: 0
  m_fScrollSpeedY: 0
  m_fTilingX: 1
  m_fTilingY: 1
  m_fOffsetX: 0
  m_fOffsetY: 0
  m_bUseSmoothDeltaTime: 0
  m_bFixedTileSize: 0
  m_bRepeat: 1
--- !u!114 &114693477738745662
MonoBehaviour:
  m_ObjectHideFlags: 1
  m_PrefabParentObject: {fileID: 0}
  m_PrefabInternal: {fileID: 100100000}
  m_GameObject: {fileID: 1434200725938184}
  m_Enabled: 1
  m_EditorHideFlags: 0
  m_Script: {fileID: 11500000, guid: 910b0c850665fef4eb14d32ef8efdd1d, type: 3}
  m_Name: 
  m_EditorClassIdentifier: 
  AlphaBlendShader: {fileID: 4800000, guid: b94b8e78adb151f4e8191fb302c0d621, type: 3}
  AdditiveShader: {fileID: 4800000, guid: 0965c22b7c23dc249aca57f9ad39daab, type: 3}
  material: {fileID: 0}
  blend: 1
  layer: 2
  seqType: 0
  savematfile: 1
  color: {r: 1, g: 1, b: 1, a: 1}
  brightness: 0.15
  mainTex: {fileID: 2800000, guid: a38de253e95bcb540bd8ebddde4cfa9d, type: 3}
  uoffset: -0.36
  voffset: 0.58
  uscale: 2.5
  vscale: 2
  uvrotate: 0
  maskTex: {fileID: 2800000, guid: 10f93b131f28a8d4eb73039e5bc5cc46, type: 3}
  maskuoffset: 0
  maskvoffset: 0.3
  maskuscale: 1
  maskvscale: 1
  maskuvrotate: 0
  flowTex: {fileID: 2800000, guid: b4be01a4fff98cf4a95aa60f2c6b6089, type: 3}
  flowuspeed: -0
  flowvspeed: 1
  flowDelayTime: 0
  flowStopTime: 999
  flowOffset: -0.5
  flowRotate: 0
  flowStrengthValue: 0.3
  flowStrengthCurve:
    serializedVersion: 2
    m_Curve:
    - serializedVersion: 2
      time: 0
      value: 0
      inSlope: 0
      outSlope: 0
      tangentMode: 0
    - serializedVersion: 2
      time: 1
      value: 1
      inSlope: 0
      outSlope: 0
      tangentMode: 0
    m_PreInfinity: 2
    m_PostInfinity: 2
    m_RotationOrder: 4
  tileCol: 1
  tileRow: 1
  seqValue: 0
  delay: 0
  once: 0
--- !u!114 &114736628564494464
MonoBehaviour:
  m_ObjectHideFlags: 1
  m_PrefabParentObject: {fileID: 0}
  m_PrefabInternal: {fileID: 100100000}
  m_GameObject: {fileID: 1477515215730888}
  m_Enabled: 1
  m_EditorHideFlags: 0
  m_Script: {fileID: 11500000, guid: 910b0c850665fef4eb14d32ef8efdd1d, type: 3}
  m_Name: 
  m_EditorClassIdentifier: 
  AlphaBlendShader: {fileID: 4800000, guid: b94b8e78adb151f4e8191fb302c0d621, type: 3}
  AdditiveShader: {fileID: 4800000, guid: 0965c22b7c23dc249aca57f9ad39daab, type: 3}
  material: {fileID: 0}
  blend: 0
  layer: 0
  seqType: 0
  savematfile: 1
  color: {r: 0.06169257, g: 0.001838237, b: 0.125, a: 0.478}
  brightness: 0.65
  mainTex: {fileID: 2800000, guid: d29262cd95b89834895f629629ef9ac1, type: 3}
  uoffset: 0
  voffset: -0.5
  uscale: 1.84
  vscale: -2
  uvrotate: 0
  maskTex: {fileID: 2800000, guid: e68941ccde437834ea52667e59dc3abd, type: 3}
  maskuoffset: 0
  maskvoffset: 0
  maskuscale: 1
  maskvscale: 1
  maskuvrotate: 0
  flowTex: {fileID: 2800000, guid: e56e3fd313c41574fbbab7526bf58c6e, type: 3}
  flowuspeed: -1
  flowvspeed: 1
  flowDelayTime: 0
  flowStopTime: 999
  flowOffset: -0.5
  flowRotate: 0
  flowStrengthValue: 0.05
  flowStrengthCurve:
    serializedVersion: 2
    m_Curve:
    - serializedVersion: 2
      time: 0
      value: 1
      inSlope: 0
      outSlope: 0
      tangentMode: 0
    - serializedVersion: 2
      time: 1
      value: 1
      inSlope: 0
      outSlope: 0
      tangentMode: 0
    m_PreInfinity: 2
    m_PostInfinity: 2
    m_RotationOrder: 4
  tileCol: 1
  tileRow: 1
  seqValue: 0
  delay: 0
  once: 0
--- !u!114 &114763326498752298
MonoBehaviour:
  m_ObjectHideFlags: 1
  m_PrefabParentObject: {fileID: 0}
  m_PrefabInternal: {fileID: 100100000}
  m_GameObject: {fileID: 1434200725938184}
  m_Enabled: 1
  m_EditorHideFlags: 0
  m_Script: {fileID: 11500000, guid: 92d0dba4615c71d45bdbfd7c49b539ca, type: 3}
  m_Name: 
  m_EditorClassIdentifier: 
  m_fUserTag: 0
  m_OnEndAniFunction: OnEndAnimation
  m_CurveInfoList:
  - m_bEnabled: 1
    m_CurveName: 
    m_AniCurve:
      serializedVersion: 2
      m_Curve:
      - serializedVersion: 2
        time: 0
        value: 1
        inSlope: -14.542435
        outSlope: -14.542435
        tangentMode: 0
      - serializedVersion: 2
        time: 0.60238844
        value: 0.15535167
        inSlope: 1.1195621
        outSlope: 1.1195621
        tangentMode: 0
      - serializedVersion: 2
        time: 0.7465606
        value: 0.61239153
        inSlope: 1.2457371
        outSlope: 1.2457371
        tangentMode: 0
      - serializedVersion: 2
        time: 1
        value: 1
        inSlope: 0
        outSlope: 0
        tangentMode: 0
      m_PreInfinity: 2
      m_PostInfinity: 2
      m_RotationOrder: 4
    m_ApplyType: 4
    m_bApplyOption: 00000001
    m_bRecursively: 0
    m_fValueScale: 1
    m_FromColor: {x: 1, y: 1, z: 1, w: 1}
    m_ToColor: {x: 1, y: 1, z: 1, w: 0}
    m_nTag: 0
    m_nSortGroup: 0
    m_OriginalValue: {x: 0, y: 0, z: 0, w: 0}
    m_BeforeValue: {x: 0, y: 0, z: 0, w: 0}
    m_ChildOriginalColorValues: []
    m_ChildBeforeColorValues: []
  - m_bEnabled: 1
    m_CurveName: 
    m_AniCurve:
      serializedVersion: 2
      m_Curve:
      - serializedVersion: 2
        time: 0
        value: -0.12195124
        inSlope: 0
        outSlope: 1
        tangentMode: 0
      - serializedVersion: 2
        time: 1
        value: 1
        inSlope: 1
        outSlope: 0
        tangentMode: 0
      m_PreInfinity: 2
      m_PostInfinity: 2
      m_RotationOrder: 4
    m_ApplyType: 2
    m_bApplyOption: 00000100
    m_bRecursively: 0
    m_fValueScale: 150
    m_FromColor: {x: 1, y: 1, z: 1, w: 1}
    m_ToColor: {x: 1, y: 1, z: 1, w: 0}
    m_nTag: 0
    m_nSortGroup: 0
    m_OriginalValue: {x: 0, y: 0, z: 0, w: 0}
    m_BeforeValue: {x: 0, y: 0, z: 0, w: 0}
    m_ChildOriginalColorValues: []
    m_ChildBeforeColorValues: []
  m_fDelayTime: 0.63
  m_fDurationTime: 0.15
  m_fAddElapsedTime: 0
--- !u!114 &114899012739391870
MonoBehaviour:
  m_ObjectHideFlags: 1
  m_PrefabParentObject: {fileID: 0}
  m_PrefabInternal: {fileID: 100100000}
  m_GameObject: {fileID: 1061383274600638}
  m_Enabled: 1
  m_EditorHideFlags: 0
  m_Script: {fileID: 11500000, guid: 910b0c850665fef4eb14d32ef8efdd1d, type: 3}
  m_Name: 
  m_EditorClassIdentifier: 
  AlphaBlendShader: {fileID: 4800000, guid: b94b8e78adb151f4e8191fb302c0d621, type: 3}
  AdditiveShader: {fileID: 4800000, guid: 0965c22b7c23dc249aca57f9ad39daab, type: 3}
  material: {fileID: 0}
  blend: 1
  layer: 2
  seqType: 0
  savematfile: 1
  color: {r: 1, g: 1, b: 1, a: 1}
  brightness: 1
  mainTex: {fileID: 2800000, guid: a2b73308bd9623d499db1a965a2e24a0, type: 3}
  uoffset: 0
  voffset: 0
  uscale: 1
  vscale: 1
  uvrotate: 0
  maskTex: {fileID: 0}
  maskuoffset: 0
  maskvoffset: 0
  maskuscale: 1
  maskvscale: 1
  maskuvrotate: 0
  flowTex: {fileID: 0}
  flowuspeed: 0
  flowvspeed: 0
  flowDelayTime: 0
  flowStopTime: 999
  flowOffset: -0.5
  flowRotate: 0
  flowStrengthValue: 0.1
  flowStrengthCurve:
    serializedVersion: 2
    m_Curve: []
    m_PreInfinity: 2
    m_PostInfinity: 2
    m_RotationOrder: 4
  tileCol: 1
  tileRow: 1
  seqValue: 0
  delay: 0
  once: 0
--- !u!114 &114927986833919352
MonoBehaviour:
  m_ObjectHideFlags: 1
  m_PrefabParentObject: {fileID: 0}
  m_PrefabInternal: {fileID: 100100000}
  m_GameObject: {fileID: 1350512257163998}
  m_Enabled: 1
  m_EditorHideFlags: 0
  m_Script: {fileID: 11500000, guid: 910b0c850665fef4eb14d32ef8efdd1d, type: 3}
  m_Name: 
  m_EditorClassIdentifier: 
  AlphaBlendShader: {fileID: 4800000, guid: b94b8e78adb151f4e8191fb302c0d621, type: 3}
  AdditiveShader: {fileID: 4800000, guid: 0965c22b7c23dc249aca57f9ad39daab, type: 3}
  material: {fileID: 0}
  blend: 1
  layer: 1
  seqType: 0
  savematfile: 1
  color: {r: 0.69482756, g: 0.56985295, b: 0.9117647, a: 1}
  brightness: 1
  mainTex: {fileID: 2800000, guid: 9e0b4595b83b40a40bb331191a6a198a, type: 3}
  uoffset: 0
  voffset: 0
  uscale: 1
  vscale: 1
  uvrotate: 0
  maskTex: {fileID: 0}
  maskuoffset: 0
  maskvoffset: 0
  maskuscale: 1
  maskvscale: 1
  maskuvrotate: 0
  flowTex: {fileID: 0}
  flowuspeed: 0
  flowvspeed: 0
  flowDelayTime: 0
  flowStopTime: 999
  flowOffset: -0.5
  flowRotate: 0
  flowStrengthValue: 0.1
  flowStrengthCurve:
    serializedVersion: 2
    m_Curve: []
    m_PreInfinity: 2
    m_PostInfinity: 2
    m_RotationOrder: 4
  tileCol: 1
  tileRow: 1
  seqValue: 0
  delay: 0
  once: 0
