%YAML 1.1
%TAG !u! tag:unity3d.com,2011:
--- !u!29 &1
OcclusionCullingSettings:
  m_ObjectHideFlags: 0
  serializedVersion: 2
  m_OcclusionBakeSettings:
    smallestOccluder: 5
    smallestHole: 0.25
    backfaceThreshold: 100
  m_SceneGUID: 00000000000000000000000000000000
  m_OcclusionCullingData: {fileID: 0}
--- !u!104 &2
RenderSettings:
  m_ObjectHideFlags: 0
  serializedVersion: 8
  m_Fog: 1
  m_FogColor: {r: 0.37647063, g: 0.14901961, b: 0.03529412, a: 1}
  m_FogMode: 1
  m_FogDensity: 0.03
  m_LinearFogStart: 29
  m_LinearFogEnd: 91
  m_AmbientSkyColor: {r: 0.32318643, g: 0.31844726, b: 0.45588237, a: 1}
  m_AmbientEquatorColor: {r: 0.19528547, g: 0.31617647, b: 0.22113112, a: 1}
  m_AmbientGroundColor: {r: 0.061295662, g: 0.056066178, b: 0.125, a: 1}
  m_AmbientIntensity: 0.77
  m_AmbientMode: 1
  m_SubtractiveShadowColor: {r: 0.42, g: 0.478, b: 0.627, a: 1}
  m_SkyboxMaterial: {fileID: 0}
  m_HaloStrength: 0.5
  m_FlareStrength: 1
  m_FlareFadeSpeed: 3
  m_HaloTexture: {fileID: 0}
  m_SpotCookie: {fileID: 10001, guid: 0000000000000000e000000000000000, type: 0}
  m_DefaultReflectionMode: 0
  m_DefaultReflectionResolution: 128
  m_ReflectionBounces: 1
  m_ReflectionIntensity: 1
  m_CustomReflection: {fileID: 0}
  m_Sun: {fileID: 0}
  m_IndirectSpecularColor: {r: 0, g: 0, b: 0, a: 1}
--- !u!157 &3
LightmapSettings:
  m_ObjectHideFlags: 0
  serializedVersion: 9
  m_GIWorkflowMode: 1
  m_GISettings:
    serializedVersion: 2
    m_BounceScale: 1
    m_IndirectOutputScale: 1
    m_AlbedoBoost: 1
    m_TemporalCoherenceThreshold: 1
    m_EnvironmentLightingMode: 0
    m_EnableBakedLightmaps: 1
    m_EnableRealtimeLightmaps: 0
  m_LightmapEditorSettings:
    serializedVersion: 8
    m_Resolution: 1
    m_BakeResolution: 10
    m_TextureWidth: 2048
    m_TextureHeight: 1024
    m_AO: 0
    m_AOMaxDistance: 1
    m_CompAOExponent: 1
    m_CompAOExponentDirect: 0
    m_Padding: 2
    m_LightmapParameters: {fileID: 0}
    m_LightmapsBakeMode: 0
    m_TextureCompression: 0
    m_FinalGather: 0
    m_FinalGatherFiltering: 1
    m_FinalGatherRayCount: 256
    m_ReflectionCompression: 2
    m_MixedBakeMode: 1
    m_BakeBackend: 0
    m_PVRSampling: 1
    m_PVRDirectSampleCount: 32
    m_PVRSampleCount: 500
    m_PVRBounces: 2
    m_PVRFiltering: 0
    m_PVRFilteringMode: 1
    m_PVRCulling: 1
    m_PVRFilteringGaussRadiusDirect: 1
    m_PVRFilteringGaussRadiusIndirect: 5
    m_PVRFilteringGaussRadiusAO: 2
    m_PVRFilteringAtrousColorSigma: 1
    m_PVRFilteringAtrousNormalSigma: 1
    m_PVRFilteringAtrousPositionSigma: 1
  m_LightingDataAsset: {fileID: 112000002, guid: 8c82e5ab74c882f4293fc7fd89083e8b,
    type: 2}
  m_ShadowMaskMode: 2
--- !u!196 &4
NavMeshSettings:
  serializedVersion: 2
  m_ObjectHideFlags: 0
  m_BuildSettings:
    serializedVersion: 2
    agentTypeID: 0
    agentRadius: 0.5
    agentHeight: 2
    agentSlope: 45
    agentClimb: 0.4
    ledgeDropHeight: 0
    maxJumpAcrossDistance: 0
    minRegionArea: 2
    manualCellSize: 0
    cellSize: 0.16666667
    manualTileSize: 0
    tileSize: 256
    accuratePlacement: 0
  m_NavMeshData: {fileID: 23800000, guid: d2e0e0ee050cac1448c222b167d00073, type: 2}
--- !u!1 &11081621
GameObject:
  m_ObjectHideFlags: 0
  m_PrefabParentObject: {fileID: 0}
  m_PrefabInternal: {fileID: 0}
  serializedVersion: 5
  m_Component:
  - component: {fileID: 11081622}
  - component: {fileID: 11081623}
  m_Layer: 0
  m_Name: Point light
  m_TagString: Untagged
  m_Icon: {fileID: 0}
  m_NavMeshLayer: 0
  m_StaticEditorFlags: 0
  m_IsActive: 1
--- !u!4 &11081622
Transform:
  m_ObjectHideFlags: 0
  m_PrefabParentObject: {fileID: 0}
  m_PrefabInternal: {fileID: 0}
  m_GameObject: {fileID: 11081621}
  m_LocalRotation: {x: 0, y: 0, z: 0, w: 1}
  m_LocalPosition: {x: -52.48, y: 4.92, z: -63.43}
  m_LocalScale: {x: 1, y: 1, z: 1}
  m_Children: []
  m_Father: {fileID: 1112908071}
  m_RootOrder: 1
  m_LocalEulerAnglesHint: {x: 0, y: 0, z: 0}
--- !u!108 &11081623
Light:
  m_ObjectHideFlags: 0
  m_PrefabParentObject: {fileID: 0}
  m_PrefabInternal: {fileID: 0}
  m_GameObject: {fileID: 11081621}
  m_Enabled: 1
  serializedVersion: 8
  m_Type: 2
  m_Color: {r: 0.5288711, g: 0.9097482, b: 0.9852941, a: 1}
  m_Intensity: 1.8
  m_Range: 20
  m_SpotAngle: 30
  m_CookieSize: 10
  m_Shadows:
    m_Type: 0
    m_Resolution: -1
    m_CustomResolution: -1
    m_Strength: 1
    m_Bias: 0.05
    m_NormalBias: 0.4
    m_NearPlane: 0.2
  m_Cookie: {fileID: 0}
  m_DrawHalo: 0
  m_Flare: {fileID: 0}
  m_RenderMode: 0
  m_CullingMask:
    serializedVersion: 2
    m_Bits: 4294967295
  m_Lightmapping: 2
  m_AreaSize: {x: 1, y: 1}
  m_BounceIntensity: 1
  m_ColorTemperature: 6570
  m_UseColorTemperature: 0
  m_ShadowRadius: 0
  m_ShadowAngle: 0
--- !u!1 &15972977
GameObject:
  m_ObjectHideFlags: 0
  m_PrefabParentObject: {fileID: 0}
  m_PrefabInternal: {fileID: 0}
  serializedVersion: 5
  m_Component:
  - component: {fileID: 15972978}
  - component: {fileID: 15972979}
  m_Layer: 0
  m_Name: Point light (2)
  m_TagString: Untagged
  m_Icon: {fileID: 0}
  m_NavMeshLayer: 0
  m_StaticEditorFlags: 0
  m_IsActive: 1
--- !u!4 &15972978
Transform:
  m_ObjectHideFlags: 0
  m_PrefabParentObject: {fileID: 0}
  m_PrefabInternal: {fileID: 0}
  m_GameObject: {fileID: 15972977}
  m_LocalRotation: {x: -0, y: -0, z: -0, w: 1}
  m_LocalPosition: {x: -39, y: 9.19, z: -81.5}
  m_LocalScale: {x: 1, y: 1, z: 1}
  m_Children: []
  m_Father: {fileID: 1112908071}
  m_RootOrder: 3
  m_LocalEulerAnglesHint: {x: 0, y: 0, z: 0}
--- !u!108 &15972979
Light:
  m_ObjectHideFlags: 0
  m_PrefabParentObject: {fileID: 0}
  m_PrefabInternal: {fileID: 0}
  m_GameObject: {fileID: 15972977}
  m_Enabled: 1
  serializedVersion: 8
  m_Type: 2
  m_Color: {r: 0.7205882, g: 0.31785193, b: 0.1854455, a: 1}
  m_Intensity: 1.5
  m_Range: 15
  m_SpotAngle: 30
  m_CookieSize: 10
  m_Shadows:
    m_Type: 0
    m_Resolution: -1
    m_CustomResolution: -1
    m_Strength: 1
    m_Bias: 0.05
    m_NormalBias: 0.4
    m_NearPlane: 0.2
  m_Cookie: {fileID: 0}
  m_DrawHalo: 0
  m_Flare: {fileID: 0}
  m_RenderMode: 0
  m_CullingMask:
    serializedVersion: 2
    m_Bits: 4294967295
  m_Lightmapping: 2
  m_AreaSize: {x: 1, y: 1}
  m_BounceIntensity: 1
  m_ColorTemperature: 6570
  m_UseColorTemperature: 0
  m_ShadowRadius: 0
  m_ShadowAngle: 0
--- !u!1 &18352684
GameObject:
  m_ObjectHideFlags: 0
  m_PrefabParentObject: {fileID: 0}
  m_PrefabInternal: {fileID: 0}
  serializedVersion: 5
  m_Component:
  - component: {fileID: 18352685}
  m_Layer: 0
  m_Name: Building
  m_TagString: Untagged
  m_Icon: {fileID: 0}
  m_NavMeshLayer: 0
  m_StaticEditorFlags: 4294967255
  m_IsActive: 1
--- !u!4 &18352685
Transform:
  m_ObjectHideFlags: 0
  m_PrefabParentObject: {fileID: 0}
  m_PrefabInternal: {fileID: 0}
  m_GameObject: {fileID: 18352684}
  m_LocalRotation: {x: -0, y: -1, z: -0, w: 0}
  m_LocalPosition: {x: 0, y: 0, z: 0}
  m_LocalScale: {x: 1, y: 1, z: 1}
  m_Children:
  - {fileID: 784883230}
  - {fileID: 1835105603}
  - {fileID: 1906722061}
  - {fileID: 1124965959}
  - {fileID: 940534952}
  - {fileID: 586663304}
  - {fileID: 1141818082}
  - {fileID: 203357437}
  - {fileID: 1079727906}
  - {fileID: 56408168}
  - {fileID: 1369649018}
  - {fileID: 1046371053}
  - {fileID: 51907479}
  - {fileID: 959279115}
  - {fileID: 1939050559}
  - {fileID: 1223598756}
  - {fileID: 395682635}
  - {fileID: 2099706461}
  - {fileID: 1475183982}
  - {fileID: 362366909}
  - {fileID: 1776314174}
  m_Father: {fileID: 859470560}
  m_RootOrder: 0
  m_LocalEulerAnglesHint: {x: 0, y: 0, z: 0}
--- !u!1 &51907478
GameObject:
  m_ObjectHideFlags: 0
  m_PrefabParentObject: {fileID: 0}
  m_PrefabInternal: {fileID: 0}
  serializedVersion: 5
  m_Component:
  - component: {fileID: 51907479}
  - component: {fileID: 51907481}
  - component: {fileID: 51907480}
  m_Layer: 0
  m_Name: S_Build_Forest052 (4)
  m_TagString: Untagged
  m_Icon: {fileID: 0}
  m_NavMeshLayer: 0
  m_StaticEditorFlags: 4294967255
  m_IsActive: 1
--- !u!4 &51907479
Transform:
  m_ObjectHideFlags: 0
  m_PrefabParentObject: {fileID: 0}
  m_PrefabInternal: {fileID: 0}
  m_GameObject: {fileID: 51907478}
  m_LocalRotation: {x: 0.000000019662345, y: 0.400561, z: -0.000000009542733, w: 0.91627014}
  m_LocalPosition: {x: -37.83, y: 6.66, z: -48.18}
  m_LocalScale: {x: 1.6118802, y: 1.61188, z: 1.6118802}
  m_Children: []
  m_Father: {fileID: 18352685}
  m_RootOrder: 12
  m_LocalEulerAnglesHint: {x: 0, y: 47.226, z: 0}
--- !u!23 &51907480
MeshRenderer:
  m_ObjectHideFlags: 0
  m_PrefabParentObject: {fileID: 0}
  m_PrefabInternal: {fileID: 0}
  m_GameObject: {fileID: 51907478}
  m_Enabled: 1
  m_CastShadows: 1
  m_ReceiveShadows: 1
  m_MotionVectors: 1
  m_LightProbeUsage: 1
  m_ReflectionProbeUsage: 1
  m_Materials:
  - {fileID: 2100000, guid: ee2fb2b75a9f0ed41a8be30c09cf5ed3, type: 2}
  m_StaticBatchInfo:
    firstSubMesh: 0
    subMeshCount: 0
  m_StaticBatchRoot: {fileID: 0}
  m_ProbeAnchor: {fileID: 0}
  m_LightProbeVolumeOverride: {fileID: 0}
  m_ScaleInLightmap: 0.7
  m_PreserveUVs: 0
  m_IgnoreNormalsForChartDetection: 0
  m_ImportantGI: 0
  m_SelectedEditorRenderState: 3
  m_MinimumChartSize: 4
  m_AutoUVMaxDistance: 0.5
  m_AutoUVMaxAngle: 89
  m_LightmapParameters: {fileID: 0}
  m_SortingLayerID: 0
  m_SortingLayer: 0
  m_SortingOrder: 0
--- !u!33 &51907481
MeshFilter:
  m_ObjectHideFlags: 0
  m_PrefabParentObject: {fileID: 0}
  m_PrefabInternal: {fileID: 0}
  m_GameObject: {fileID: 51907478}
  m_Mesh: {fileID: 4300000, guid: f2996f9a43eff374c87ad85c29100bcc, type: 3}
--- !u!1 &56408167
GameObject:
  m_ObjectHideFlags: 0
  m_PrefabParentObject: {fileID: 0}
  m_PrefabInternal: {fileID: 0}
  serializedVersion: 5
  m_Component:
  - component: {fileID: 56408168}
  - component: {fileID: 56408170}
  - component: {fileID: 56408169}
  m_Layer: 0
  m_Name: S_Build_Forest043
  m_TagString: Untagged
  m_Icon: {fileID: 0}
  m_NavMeshLayer: 0
  m_StaticEditorFlags: 4294967255
  m_IsActive: 1
--- !u!4 &56408168
Transform:
  m_ObjectHideFlags: 0
  m_PrefabParentObject: {fileID: 0}
  m_PrefabInternal: {fileID: 0}
  m_GameObject: {fileID: 56408167}
  m_LocalRotation: {x: 0.000000020066063, y: -0.33582655, z: 0.000000008661751, w: 0.94192386}
  m_LocalPosition: {x: -66.31, y: -6.9500003, z: -78.35}
  m_LocalScale: {x: 2.9009347, y: 2.9009337, z: 2.9009337}
  m_Children: []
  m_Father: {fileID: 18352685}
  m_RootOrder: 9
  m_LocalEulerAnglesHint: {x: 0, y: -39.246002, z: 0}
--- !u!23 &56408169
MeshRenderer:
  m_ObjectHideFlags: 0
  m_PrefabParentObject: {fileID: 0}
  m_PrefabInternal: {fileID: 0}
  m_GameObject: {fileID: 56408167}
  m_Enabled: 1
  m_CastShadows: 1
  m_ReceiveShadows: 1
  m_MotionVectors: 1
  m_LightProbeUsage: 1
  m_ReflectionProbeUsage: 1
  m_Materials:
  - {fileID: 2100000, guid: fa4debec8960d7a488d325449cdd4abe, type: 2}
  m_StaticBatchInfo:
    firstSubMesh: 0
    subMeshCount: 0
  m_StaticBatchRoot: {fileID: 0}
  m_ProbeAnchor: {fileID: 0}
  m_LightProbeVolumeOverride: {fileID: 0}
  m_ScaleInLightmap: 0.7
  m_PreserveUVs: 0
  m_IgnoreNormalsForChartDetection: 0
  m_ImportantGI: 0
  m_SelectedEditorRenderState: 3
  m_MinimumChartSize: 4
  m_AutoUVMaxDistance: 0.5
  m_AutoUVMaxAngle: 89
  m_LightmapParameters: {fileID: 0}
  m_SortingLayerID: 0
  m_SortingLayer: 0
  m_SortingOrder: 0
--- !u!33 &56408170
MeshFilter:
  m_ObjectHideFlags: 0
  m_PrefabParentObject: {fileID: 0}
  m_PrefabInternal: {fileID: 0}
  m_GameObject: {fileID: 56408167}
  m_Mesh: {fileID: 4300000, guid: a48f7c0a390ff7c4b9badeb7019bb77c, type: 3}
--- !u!1 &129946392
GameObject:
  m_ObjectHideFlags: 0
  m_PrefabParentObject: {fileID: 0}
  m_PrefabInternal: {fileID: 0}
  serializedVersion: 5
  m_Component:
  - component: {fileID: 129946398}
  - component: {fileID: 129946397}
  - component: {fileID: 129946396}
  - component: {fileID: 129946393}
  m_Layer: 9
  m_Name: pathMesh
  m_TagString: Untagged
  m_Icon: {fileID: 0}
  m_NavMeshLayer: 0
  m_StaticEditorFlags: 0
  m_IsActive: 1
--- !u!64 &129946393
MeshCollider:
  m_ObjectHideFlags: 0
  m_PrefabParentObject: {fileID: 0}
  m_PrefabInternal: {fileID: 0}
  m_GameObject: {fileID: 129946392}
  m_Material: {fileID: 0}
  m_IsTrigger: 0
  m_Enabled: 1
  serializedVersion: 2
  m_Convex: 0
  m_InflateMesh: 0
  m_SkinWidth: 0.01
  m_Mesh: {fileID: 4300000, guid: 1dd8704da7f25424d9f92dfdb021f90c, type: 3}
--- !u!23 &129946396
MeshRenderer:
  m_ObjectHideFlags: 0
  m_PrefabParentObject: {fileID: 0}
  m_PrefabInternal: {fileID: 0}
  m_GameObject: {fileID: 129946392}
  m_Enabled: 0
  m_CastShadows: 1
  m_ReceiveShadows: 1
  m_MotionVectors: 1
  m_LightProbeUsage: 1
  m_ReflectionProbeUsage: 1
  m_Materials:
  - {fileID: 10303, guid: 0000000000000000f000000000000000, type: 0}
  m_StaticBatchInfo:
    firstSubMesh: 0
    subMeshCount: 0
  m_StaticBatchRoot: {fileID: 0}
  m_ProbeAnchor: {fileID: 0}
  m_LightProbeVolumeOverride: {fileID: 0}
  m_ScaleInLightmap: 1
  m_PreserveUVs: 0
  m_IgnoreNormalsForChartDetection: 0
  m_ImportantGI: 0
  m_SelectedEditorRenderState: 3
  m_MinimumChartSize: 4
  m_AutoUVMaxDistance: 0.5
  m_AutoUVMaxAngle: 89
  m_LightmapParameters: {fileID: 0}
  m_SortingLayerID: 0
  m_SortingLayer: 0
  m_SortingOrder: 0
--- !u!33 &129946397
MeshFilter:
  m_ObjectHideFlags: 0
  m_PrefabParentObject: {fileID: 0}
  m_PrefabInternal: {fileID: 0}
  m_GameObject: {fileID: 129946392}
  m_Mesh: {fileID: 4300000, guid: 1dd8704da7f25424d9f92dfdb021f90c, type: 3}
--- !u!4 &129946398
Transform:
  m_ObjectHideFlags: 0
  m_PrefabParentObject: {fileID: 0}
  m_PrefabInternal: {fileID: 0}
  m_GameObject: {fileID: 129946392}
  m_LocalRotation: {x: 0.000000021855694, y: -0, z: -0, w: 1}
  m_LocalPosition: {x: 107.50001, y: 0, z: 114.2}
  m_LocalScale: {x: 1, y: 1, z: 1}
  m_Children: []
  m_Father: {fileID: 0}
  m_RootOrder: 2
  m_LocalEulerAnglesHint: {x: 0, y: 0, z: 0}
--- !u!1001 &134172267
Prefab:
  m_ObjectHideFlags: 0
  serializedVersion: 2
  m_Modification:
    m_TransformParent: {fileID: 273106121}
    m_Modifications:
    - target: {fileID: 4874135755600158, guid: 389dd4eb4078de84aad99d1af0f02efa, type: 2}
      propertyPath: m_LocalPosition.x
      value: -16.4
      objectReference: {fileID: 0}
    - target: {fileID: 4874135755600158, guid: 389dd4eb4078de84aad99d1af0f02efa, type: 2}
      propertyPath: m_LocalPosition.y
      value: -13.905
      objectReference: {fileID: 0}
    - target: {fileID: 4874135755600158, guid: 389dd4eb4078de84aad99d1af0f02efa, type: 2}
      propertyPath: m_LocalPosition.z
      value: -28.85
      objectReference: {fileID: 0}
    - target: {fileID: 4874135755600158, guid: 389dd4eb4078de84aad99d1af0f02efa, type: 2}
      propertyPath: m_LocalRotation.x
      value: -0
      objectReference: {fileID: 0}
    - target: {fileID: 4874135755600158, guid: 389dd4eb4078de84aad99d1af0f02efa, type: 2}
      propertyPath: m_LocalRotation.y
      value: -0
      objectReference: {fileID: 0}
    - target: {fileID: 4874135755600158, guid: 389dd4eb4078de84aad99d1af0f02efa, type: 2}
      propertyPath: m_LocalRotation.z
      value: -0
      objectReference: {fileID: 0}
    - target: {fileID: 4874135755600158, guid: 389dd4eb4078de84aad99d1af0f02efa, type: 2}
      propertyPath: m_LocalRotation.w
      value: 1
      objectReference: {fileID: 0}
    - target: {fileID: 4874135755600158, guid: 389dd4eb4078de84aad99d1af0f02efa, type: 2}
      propertyPath: m_RootOrder
      value: 8
      objectReference: {fileID: 0}
    - target: {fileID: 1264306715869800, guid: 389dd4eb4078de84aad99d1af0f02efa, type: 2}
      propertyPath: m_Name
      value: E_Scene_rongyan04 (2)
      objectReference: {fileID: 0}
    - target: {fileID: 4874135755600158, guid: 389dd4eb4078de84aad99d1af0f02efa, type: 2}
      propertyPath: m_LocalScale.y
      value: 2.7395399
      objectReference: {fileID: 0}
    - target: {fileID: 4874135755600158, guid: 389dd4eb4078de84aad99d1af0f02efa, type: 2}
      propertyPath: m_LocalScale.z
      value: 2.7395399
      objectReference: {fileID: 0}
    - target: {fileID: 4874135755600158, guid: 389dd4eb4078de84aad99d1af0f02efa, type: 2}
      propertyPath: m_LocalScale.x
      value: 2.7395399
      objectReference: {fileID: 0}
    m_RemovedComponents: []
  m_ParentPrefab: {fileID: 100100000, guid: 389dd4eb4078de84aad99d1af0f02efa, type: 2}
  m_IsPrefabParent: 0
--- !u!4 &134172268 stripped
Transform:
  m_PrefabParentObject: {fileID: 4874135755600158, guid: 389dd4eb4078de84aad99d1af0f02efa,
    type: 2}
  m_PrefabInternal: {fileID: 134172267}
--- !u!1 &166002468
GameObject:
  m_ObjectHideFlags: 0
  m_PrefabParentObject: {fileID: 0}
  m_PrefabInternal: {fileID: 0}
  serializedVersion: 5
  m_Component:
  - component: {fileID: 166002469}
  - component: {fileID: 166002470}
  m_Layer: 0
  m_Name: Point light (4)
  m_TagString: Untagged
  m_Icon: {fileID: 0}
  m_NavMeshLayer: 0
  m_StaticEditorFlags: 0
  m_IsActive: 1
--- !u!4 &166002469
Transform:
  m_ObjectHideFlags: 0
  m_PrefabParentObject: {fileID: 0}
  m_PrefabInternal: {fileID: 0}
  m_GameObject: {fileID: 166002468}
  m_LocalRotation: {x: -0, y: -0, z: -0, w: 1}
  m_LocalPosition: {x: -67.96, y: 9.19, z: -51.29}
  m_LocalScale: {x: 1, y: 1, z: 1}
  m_Children: []
  m_Father: {fileID: 1112908071}
  m_RootOrder: 5
  m_LocalEulerAnglesHint: {x: 0, y: 0, z: 0}
--- !u!108 &166002470
Light:
  m_ObjectHideFlags: 0
  m_PrefabParentObject: {fileID: 0}
  m_PrefabInternal: {fileID: 0}
  m_GameObject: {fileID: 166002468}
  m_Enabled: 1
  serializedVersion: 8
  m_Type: 2
  m_Color: {r: 0.7205882, g: 0.31785193, b: 0.1854455, a: 1}
  m_Intensity: 1.5
  m_Range: 15
  m_SpotAngle: 30
  m_CookieSize: 10
  m_Shadows:
    m_Type: 0
    m_Resolution: -1
    m_CustomResolution: -1
    m_Strength: 1
    m_Bias: 0.05
    m_NormalBias: 0.4
    m_NearPlane: 0.2
  m_Cookie: {fileID: 0}
  m_DrawHalo: 0
  m_Flare: {fileID: 0}
  m_RenderMode: 0
  m_CullingMask:
    serializedVersion: 2
    m_Bits: 4294967295
  m_Lightmapping: 2
  m_AreaSize: {x: 1, y: 1}
  m_BounceIntensity: 1
  m_ColorTemperature: 6570
  m_UseColorTemperature: 0
  m_ShadowRadius: 0
  m_ShadowAngle: 0
--- !u!1 &203357436
GameObject:
  m_ObjectHideFlags: 0
  m_PrefabParentObject: {fileID: 0}
  m_PrefabInternal: {fileID: 0}
  serializedVersion: 5
  m_Component:
  - component: {fileID: 203357437}
  - component: {fileID: 203357439}
  - component: {fileID: 203357438}
  m_Layer: 0
  m_Name: S_Rock_Black002
  m_TagString: Untagged
  m_Icon: {fileID: 0}
  m_NavMeshLayer: 0
  m_StaticEditorFlags: 4294967255
  m_IsActive: 1
--- !u!4 &203357437
Transform:
  m_ObjectHideFlags: 0
  m_PrefabParentObject: {fileID: 0}
  m_PrefabInternal: {fileID: 0}
  m_GameObject: {fileID: 203357436}
  m_LocalRotation: {x: -0.0000000023495632, y: -0.9190844, z: -0.000000005479987,
    w: 0.3940607}
  m_LocalPosition: {x: -35.66, y: 1.68, z: -82.68}
  m_LocalScale: {x: 1.5126276, y: 1.5126277, z: 1.512628}
  m_Children: []
  m_Father: {fileID: 18352685}
  m_RootOrder: 7
  m_LocalEulerAnglesHint: {x: 0, y: -133.585, z: 0}
--- !u!23 &203357438
MeshRenderer:
  m_ObjectHideFlags: 0
  m_PrefabParentObject: {fileID: 0}
  m_PrefabInternal: {fileID: 0}
  m_GameObject: {fileID: 203357436}
  m_Enabled: 1
  m_CastShadows: 1
  m_ReceiveShadows: 1
  m_MotionVectors: 1
  m_LightProbeUsage: 1
  m_ReflectionProbeUsage: 1
  m_Materials:
  - {fileID: 2100000, guid: b48d359fb63db86429e4cf6d3d586bba, type: 2}
  m_StaticBatchInfo:
    firstSubMesh: 0
    subMeshCount: 0
  m_StaticBatchRoot: {fileID: 0}
  m_ProbeAnchor: {fileID: 0}
  m_LightProbeVolumeOverride: {fileID: 0}
  m_ScaleInLightmap: 0.5
  m_PreserveUVs: 0
  m_IgnoreNormalsForChartDetection: 0
  m_ImportantGI: 0
  m_SelectedEditorRenderState: 3
  m_MinimumChartSize: 4
  m_AutoUVMaxDistance: 0.5
  m_AutoUVMaxAngle: 89
  m_LightmapParameters: {fileID: 0}
  m_SortingLayerID: 0
  m_SortingLayer: 0
  m_SortingOrder: 0
--- !u!33 &203357439
MeshFilter:
  m_ObjectHideFlags: 0
  m_PrefabParentObject: {fileID: 0}
  m_PrefabInternal: {fileID: 0}
  m_GameObject: {fileID: 203357436}
  m_Mesh: {fileID: 4300000, guid: 9c4e9768cb7d01948acac07a71d3f140, type: 3}
--- !u!1 &273106120
GameObject:
  m_ObjectHideFlags: 0
  m_PrefabParentObject: {fileID: 0}
  m_PrefabInternal: {fileID: 0}
  serializedVersion: 5
  m_Component:
  - component: {fileID: 273106121}
  - component: {fileID: 273106124}
  - component: {fileID: 273106123}
  - component: {fileID: 273106122}
  m_Layer: 0
  m_Name: Effect
  m_TagString: Untagged
  m_Icon: {fileID: 0}
  m_NavMeshLayer: 0
  m_StaticEditorFlags: 0
  m_IsActive: 1
--- !u!4 &273106121
Transform:
  m_ObjectHideFlags: 0
  m_PrefabParentObject: {fileID: 0}
  m_PrefabInternal: {fileID: 0}
  m_GameObject: {fileID: 273106120}
  m_LocalRotation: {x: -0, y: -1, z: -0, w: 0}
  m_LocalPosition: {x: 0, y: 0, z: 0}
  m_LocalScale: {x: 1, y: 1, z: 1}
  m_Children:
  - {fileID: 883945003}
  - {fileID: 1118154625}
  - {fileID: 1713630629}
  - {fileID: 1416328908}
  - {fileID: 1551024151}
  - {fileID: 524322892}
  - {fileID: 1040902534}
  - {fileID: 1599985942}
  - {fileID: 134172268}
  m_Father: {fileID: 859470560}
  m_RootOrder: 1
  m_LocalEulerAnglesHint: {x: 0, y: 0, z: 0}
--- !u!64 &273106122
MeshCollider:
  m_ObjectHideFlags: 0
  m_PrefabParentObject: {fileID: 0}
  m_PrefabInternal: {fileID: 0}
  m_GameObject: {fileID: 273106120}
  m_Material: {fileID: 0}
  m_IsTrigger: 0
  m_Enabled: 1
  serializedVersion: 2
  m_Convex: 0
  m_InflateMesh: 0
  m_SkinWidth: 0.01
  m_Mesh: {fileID: 4300000, guid: b485a3c7e6e724842af8f96d130ea5a4, type: 3}
--- !u!23 &273106123
MeshRenderer:
  m_ObjectHideFlags: 0
  m_PrefabParentObject: {fileID: 0}
  m_PrefabInternal: {fileID: 0}
  m_GameObject: {fileID: 273106120}
  m_Enabled: 1
  m_CastShadows: 1
  m_ReceiveShadows: 1
  m_MotionVectors: 1
  m_LightProbeUsage: 1
  m_ReflectionProbeUsage: 1
  m_Materials:
  - {fileID: 0}
  m_StaticBatchInfo:
    firstSubMesh: 0
    subMeshCount: 0
  m_StaticBatchRoot: {fileID: 0}
  m_ProbeAnchor: {fileID: 0}
  m_LightProbeVolumeOverride: {fileID: 0}
  m_ScaleInLightmap: 1
  m_PreserveUVs: 0
  m_IgnoreNormalsForChartDetection: 0
  m_ImportantGI: 0
  m_SelectedEditorRenderState: 3
  m_MinimumChartSize: 4
  m_AutoUVMaxDistance: 0.5
  m_AutoUVMaxAngle: 89
  m_LightmapParameters: {fileID: 0}
  m_SortingLayerID: 0
  m_SortingLayer: 0
  m_SortingOrder: 0
--- !u!33 &273106124
MeshFilter:
  m_ObjectHideFlags: 0
  m_PrefabParentObject: {fileID: 0}
  m_PrefabInternal: {fileID: 0}
  m_GameObject: {fileID: 273106120}
  m_Mesh: {fileID: 4300000, guid: b485a3c7e6e724842af8f96d130ea5a4, type: 3}
--- !u!1 &362366908
GameObject:
  m_ObjectHideFlags: 0
  m_PrefabParentObject: {fileID: 0}
  m_PrefabInternal: {fileID: 0}
  serializedVersion: 5
  m_Component:
  - component: {fileID: 362366909}
  - component: {fileID: 362366911}
  - component: {fileID: 362366910}
  m_Layer: 0
  m_Name: S_Build_Forest052 (6)
  m_TagString: Untagged
  m_Icon: {fileID: 0}
  m_NavMeshLayer: 0
  m_StaticEditorFlags: 4294967255
  m_IsActive: 1
--- !u!4 &362366909
Transform:
  m_ObjectHideFlags: 0
  m_PrefabParentObject: {fileID: 0}
  m_PrefabInternal: {fileID: 0}
  m_GameObject: {fileID: 362366908}
  m_LocalRotation: {x: -0, y: 0.9357812, z: -0, w: 0.35258144}
  m_LocalPosition: {x: -66.6, y: 6.72, z: -77.94}
  m_LocalScale: {x: 1.6118807, y: 1.61188, z: 1.6118807}
  m_Children: []
  m_Father: {fileID: 18352685}
  m_RootOrder: 19
  m_LocalEulerAnglesHint: {x: 0, y: 138.709, z: 0}
--- !u!23 &362366910
MeshRenderer:
  m_ObjectHideFlags: 0
  m_PrefabParentObject: {fileID: 0}
  m_PrefabInternal: {fileID: 0}
  m_GameObject: {fileID: 362366908}
  m_Enabled: 1
  m_CastShadows: 1
  m_ReceiveShadows: 1
  m_MotionVectors: 1
  m_LightProbeUsage: 1
  m_ReflectionProbeUsage: 1
  m_Materials:
  - {fileID: 2100000, guid: ee2fb2b75a9f0ed41a8be30c09cf5ed3, type: 2}
  m_StaticBatchInfo:
    firstSubMesh: 0
    subMeshCount: 0
  m_StaticBatchRoot: {fileID: 0}
  m_ProbeAnchor: {fileID: 0}
  m_LightProbeVolumeOverride: {fileID: 0}
  m_ScaleInLightmap: 0.7
  m_PreserveUVs: 0
  m_IgnoreNormalsForChartDetection: 0
  m_ImportantGI: 0
  m_SelectedEditorRenderState: 3
  m_MinimumChartSize: 4
  m_AutoUVMaxDistance: 0.5
  m_AutoUVMaxAngle: 89
  m_LightmapParameters: {fileID: 0}
  m_SortingLayerID: 0
  m_SortingLayer: 0
  m_SortingOrder: 0
--- !u!33 &362366911
MeshFilter:
  m_ObjectHideFlags: 0
  m_PrefabParentObject: {fileID: 0}
  m_PrefabInternal: {fileID: 0}
  m_GameObject: {fileID: 362366908}
  m_Mesh: {fileID: 4300000, guid: f2996f9a43eff374c87ad85c29100bcc, type: 3}
--- !u!1 &381759399
GameObject:
  m_ObjectHideFlags: 0
  m_PrefabParentObject: {fileID: 0}
  m_PrefabInternal: {fileID: 0}
  serializedVersion: 5
  m_Component:
  - component: {fileID: 381759400}
  - component: {fileID: 381759401}
  m_Layer: 0
  m_Name: looker
  m_TagString: Untagged
  m_Icon: {fileID: 0}
  m_NavMeshLayer: 0
  m_StaticEditorFlags: 0
  m_IsActive: 1
--- !u!4 &381759400
Transform:
  m_ObjectHideFlags: 0
  m_PrefabParentObject: {fileID: 0}
  m_PrefabInternal: {fileID: 0}
  m_GameObject: {fileID: 381759399}
  m_LocalRotation: {x: 0, y: 0, z: 0, w: 1}
  m_LocalPosition: {x: 0, y: 0, z: 0}
  m_LocalScale: {x: 1, y: 1, z: 1}
  m_Children:
  - {fileID: 1916472804}
  m_Father: {fileID: 0}
  m_RootOrder: 0
  m_LocalEulerAnglesHint: {x: 0, y: 0, z: 0}
--- !u!114 &381759401
MonoBehaviour:
  m_ObjectHideFlags: 0
  m_PrefabParentObject: {fileID: 0}
  m_PrefabInternal: {fileID: 0}
  m_GameObject: {fileID: 381759399}
  m_Enabled: 1
  m_EditorHideFlags: 0
  m_Script: {fileID: 11500000, guid: 6a68974e9640044448e61b3754832b76, type: 3}
  m_Name: 
  m_EditorClassIdentifier: 
  _target: {fileID: 0}
  moveSpeed: 0.12
  moveAni: move
  standAni: stand
  testZhenFa: {fileID: 0}
--- !u!1 &395682634
GameObject:
  m_ObjectHideFlags: 0
  m_PrefabParentObject: {fileID: 0}
  m_PrefabInternal: {fileID: 0}
  serializedVersion: 5
  m_Component:
  - component: {fileID: 395682635}
  - component: {fileID: 395682637}
  - component: {fileID: 395682636}
  m_Layer: 0
  m_Name: S_Build_Forest052 (3)
  m_TagString: Untagged
  m_Icon: {fileID: 0}
  m_NavMeshLayer: 0
  m_StaticEditorFlags: 4294967255
  m_IsActive: 1
--- !u!4 &395682635
Transform:
  m_ObjectHideFlags: 0
  m_PrefabParentObject: {fileID: 0}
  m_PrefabInternal: {fileID: 0}
  m_GameObject: {fileID: 395682634}
  m_LocalRotation: {x: 0.000000019662345, y: 0.400561, z: -0.000000009542733, w: 0.91627014}
  m_LocalPosition: {x: -68.64, y: 6.89, z: -48.53}
  m_LocalScale: {x: 1.6118826, y: 1.6118822, z: 1.6118845}
  m_Children: []
  m_Father: {fileID: 18352685}
  m_RootOrder: 16
  m_LocalEulerAnglesHint: {x: 0, y: 47.226, z: 0}
--- !u!23 &395682636
MeshRenderer:
  m_ObjectHideFlags: 0
  m_PrefabParentObject: {fileID: 0}
  m_PrefabInternal: {fileID: 0}
  m_GameObject: {fileID: 395682634}
  m_Enabled: 1
  m_CastShadows: 1
  m_ReceiveShadows: 1
  m_MotionVectors: 1
  m_LightProbeUsage: 1
  m_ReflectionProbeUsage: 1
  m_Materials:
  - {fileID: 2100000, guid: ee2fb2b75a9f0ed41a8be30c09cf5ed3, type: 2}
  m_StaticBatchInfo:
    firstSubMesh: 0
    subMeshCount: 0
  m_StaticBatchRoot: {fileID: 0}
  m_ProbeAnchor: {fileID: 0}
  m_LightProbeVolumeOverride: {fileID: 0}
  m_ScaleInLightmap: 0.7
  m_PreserveUVs: 0
  m_IgnoreNormalsForChartDetection: 0
  m_ImportantGI: 0
  m_SelectedEditorRenderState: 3
  m_MinimumChartSize: 4
  m_AutoUVMaxDistance: 0.5
  m_AutoUVMaxAngle: 89
  m_LightmapParameters: {fileID: 0}
  m_SortingLayerID: 0
  m_SortingLayer: 0
  m_SortingOrder: 0
--- !u!33 &395682637
MeshFilter:
  m_ObjectHideFlags: 0
  m_PrefabParentObject: {fileID: 0}
  m_PrefabInternal: {fileID: 0}
  m_GameObject: {fileID: 395682634}
  m_Mesh: {fileID: 4300000, guid: f2996f9a43eff374c87ad85c29100bcc, type: 3}
--- !u!1001 &401349612
Prefab:
  m_ObjectHideFlags: 0
  serializedVersion: 2
  m_Modification:
    m_TransformParent: {fileID: 273106121}
    m_Modifications:
    - target: {fileID: 4875692671170796, guid: 970559a850acdfc4987696959b411ea8, type: 2}
      propertyPath: m_LocalPosition.x
      value: -65.99
      objectReference: {fileID: 0}
    - target: {fileID: 4875692671170796, guid: 970559a850acdfc4987696959b411ea8, type: 2}
      propertyPath: m_LocalPosition.y
      value: 8.99
      objectReference: {fileID: 0}
    - target: {fileID: 4875692671170796, guid: 970559a850acdfc4987696959b411ea8, type: 2}
      propertyPath: m_LocalPosition.z
      value: -78.47
      objectReference: {fileID: 0}
    - target: {fileID: 4875692671170796, guid: 970559a850acdfc4987696959b411ea8, type: 2}
      propertyPath: m_LocalRotation.x
      value: -0
      objectReference: {fileID: 0}
    - target: {fileID: 4875692671170796, guid: 970559a850acdfc4987696959b411ea8, type: 2}
      propertyPath: m_LocalRotation.y
      value: -0
      objectReference: {fileID: 0}
    - target: {fileID: 4875692671170796, guid: 970559a850acdfc4987696959b411ea8, type: 2}
      propertyPath: m_LocalRotation.z
      value: -0
      objectReference: {fileID: 0}
    - target: {fileID: 4875692671170796, guid: 970559a850acdfc4987696959b411ea8, type: 2}
      propertyPath: m_LocalRotation.w
      value: 1
      objectReference: {fileID: 0}
    - target: {fileID: 4875692671170796, guid: 970559a850acdfc4987696959b411ea8, type: 2}
      propertyPath: m_RootOrder
      value: 2
      objectReference: {fileID: 0}
    - target: {fileID: 1674275250573238, guid: 970559a850acdfc4987696959b411ea8, type: 2}
      propertyPath: m_Name
      value: E_Scene_Huodui_01 (4)
      objectReference: {fileID: 0}
    - target: {fileID: 4875692671170796, guid: 970559a850acdfc4987696959b411ea8, type: 2}
      propertyPath: m_LocalScale.x
      value: 1.2665739
      objectReference: {fileID: 0}
    - target: {fileID: 4875692671170796, guid: 970559a850acdfc4987696959b411ea8, type: 2}
      propertyPath: m_LocalScale.y
      value: 1.2665741
      objectReference: {fileID: 0}
    - target: {fileID: 4875692671170796, guid: 970559a850acdfc4987696959b411ea8, type: 2}
      propertyPath: m_LocalScale.z
      value: 1.2665741
      objectReference: {fileID: 0}
    m_RemovedComponents: []
  m_ParentPrefab: {fileID: 100100000, guid: 970559a850acdfc4987696959b411ea8, type: 2}
  m_IsPrefabParent: 0
--- !u!4 &524322892 stripped
Transform:
  m_PrefabParentObject: {fileID: 4772722473619902, guid: ef930acf86ce0ea439d66ec458c35b53,
    type: 2}
  m_PrefabInternal: {fileID: 2113237930}
--- !u!1001 &524359363
Prefab:
  m_ObjectHideFlags: 0
  serializedVersion: 2
  m_Modification:
    m_TransformParent: {fileID: 273106121}
    m_Modifications:
    - target: {fileID: 4875692671170796, guid: 970559a850acdfc4987696959b411ea8, type: 2}
      propertyPath: m_LocalPosition.x
      value: -38
      objectReference: {fileID: 0}
    - target: {fileID: 4875692671170796, guid: 970559a850acdfc4987696959b411ea8, type: 2}
      propertyPath: m_LocalPosition.y
      value: 7.96
      objectReference: {fileID: 0}
    - target: {fileID: 4875692671170796, guid: 970559a850acdfc4987696959b411ea8, type: 2}
      propertyPath: m_LocalPosition.z
      value: -79.75
      objectReference: {fileID: 0}
    - target: {fileID: 4875692671170796, guid: 970559a850acdfc4987696959b411ea8, type: 2}
      propertyPath: m_LocalRotation.x
      value: -0
      objectReference: {fileID: 0}
    - target: {fileID: 4875692671170796, guid: 970559a850acdfc4987696959b411ea8, type: 2}
      propertyPath: m_LocalRotation.y
      value: -0
      objectReference: {fileID: 0}
    - target: {fileID: 4875692671170796, guid: 970559a850acdfc4987696959b411ea8, type: 2}
      propertyPath: m_LocalRotation.z
      value: -0
      objectReference: {fileID: 0}
    - target: {fileID: 4875692671170796, guid: 970559a850acdfc4987696959b411ea8, type: 2}
      propertyPath: m_LocalRotation.w
      value: 1
      objectReference: {fileID: 0}
    - target: {fileID: 4875692671170796, guid: 970559a850acdfc4987696959b411ea8, type: 2}
      propertyPath: m_RootOrder
      value: 1
      objectReference: {fileID: 0}
    - target: {fileID: 1674275250573238, guid: 970559a850acdfc4987696959b411ea8, type: 2}
      propertyPath: m_Name
      value: E_Scene_Huodui_01 (5)
      objectReference: {fileID: 0}
    - target: {fileID: 4875692671170796, guid: 970559a850acdfc4987696959b411ea8, type: 2}
      propertyPath: m_LocalScale.x
      value: 1.2665739
      objectReference: {fileID: 0}
    - target: {fileID: 4875692671170796, guid: 970559a850acdfc4987696959b411ea8, type: 2}
      propertyPath: m_LocalScale.y
      value: 1.2665741
      objectReference: {fileID: 0}
    - target: {fileID: 4875692671170796, guid: 970559a850acdfc4987696959b411ea8, type: 2}
      propertyPath: m_LocalScale.z
      value: 1.2665741
      objectReference: {fileID: 0}
    m_RemovedComponents: []
  m_ParentPrefab: {fileID: 100100000, guid: 970559a850acdfc4987696959b411ea8, type: 2}
  m_IsPrefabParent: 0
--- !u!1 &581826974
GameObject:
  m_ObjectHideFlags: 0
  m_PrefabParentObject: {fileID: 0}
  m_PrefabInternal: {fileID: 0}
  serializedVersion: 5
  m_Component:
  - component: {fileID: 581826976}
  - component: {fileID: 581826975}
  m_Layer: 0
  m_Name: smallMap
  m_TagString: Untagged
  m_Icon: {fileID: 0}
  m_NavMeshLayer: 0
  m_StaticEditorFlags: 0
  m_IsActive: 1
--- !u!114 &581826975
MonoBehaviour:
  m_ObjectHideFlags: 0
  m_PrefabParentObject: {fileID: 0}
  m_PrefabInternal: {fileID: 0}
  m_GameObject: {fileID: 581826974}
  m_Enabled: 1
  m_EditorHideFlags: 0
  m_Script: {fileID: 11500000, guid: 161287a9d402ff84ca77eee8ac95a3c9, type: 3}
  m_Name: 
  m_EditorClassIdentifier: 
  targetPath: AssetSources/map/smallMap
  width: 639
  height: 445
  imageScale: 2
  cubeScale: 0.09
--- !u!4 &581826976
Transform:
  m_ObjectHideFlags: 0
  m_PrefabParentObject: {fileID: 0}
  m_PrefabInternal: {fileID: 0}
  m_GameObject: {fileID: 581826974}
  m_LocalRotation: {x: 0.000000021855694, y: -0, z: -0, w: 1}
  m_LocalPosition: {x: 0, y: 0, z: 0}
  m_LocalScale: {x: 1, y: 1, z: 1}
  m_Children: []
  m_Father: {fileID: 0}
  m_RootOrder: 1
  m_LocalEulerAnglesHint: {x: 0, y: 0, z: 0}
--- !u!1 &586663303
GameObject:
  m_ObjectHideFlags: 0
  m_PrefabParentObject: {fileID: 0}
  m_PrefabInternal: {fileID: 0}
  serializedVersion: 5
  m_Component:
  - component: {fileID: 586663304}
  - component: {fileID: 586663306}
  - component: {fileID: 586663305}
  m_Layer: 0
  m_Name: S_Rock_Black007
  m_TagString: Untagged
  m_Icon: {fileID: 0}
  m_NavMeshLayer: 0
  m_StaticEditorFlags: 4294967255
  m_IsActive: 1
--- !u!4 &586663304
Transform:
  m_ObjectHideFlags: 0
  m_PrefabParentObject: {fileID: 0}
  m_PrefabInternal: {fileID: 0}
  m_GameObject: {fileID: 586663303}
  m_LocalRotation: {x: 0.73592216, y: -0.010802935, z: -0.010184171, w: -0.67690337}
  m_LocalPosition: {x: -41.74, y: -10, z: -96.16}
  m_LocalScale: {x: 3.0119426, y: 2.4348242, z: 2.4348247}
  m_Children: []
  m_Father: {fileID: 18352685}
  m_RootOrder: 5
  m_LocalEulerAnglesHint: {x: -94.784, y: 0.24998474, z: 1.4519958}
--- !u!23 &586663305
MeshRenderer:
  m_ObjectHideFlags: 0
  m_PrefabParentObject: {fileID: 0}
  m_PrefabInternal: {fileID: 0}
  m_GameObject: {fileID: 586663303}
  m_Enabled: 1
  m_CastShadows: 1
  m_ReceiveShadows: 1
  m_MotionVectors: 1
  m_LightProbeUsage: 1
  m_ReflectionProbeUsage: 1
  m_Materials:
  - {fileID: 2100000, guid: b48d359fb63db86429e4cf6d3d586bba, type: 2}
  m_StaticBatchInfo:
    firstSubMesh: 0
    subMeshCount: 0
  m_StaticBatchRoot: {fileID: 0}
  m_ProbeAnchor: {fileID: 0}
  m_LightProbeVolumeOverride: {fileID: 0}
  m_ScaleInLightmap: 0.7
  m_PreserveUVs: 0
  m_IgnoreNormalsForChartDetection: 0
  m_ImportantGI: 0
  m_SelectedEditorRenderState: 3
  m_MinimumChartSize: 4
  m_AutoUVMaxDistance: 0.5
  m_AutoUVMaxAngle: 89
  m_LightmapParameters: {fileID: 0}
  m_SortingLayerID: 0
  m_SortingLayer: 0
  m_SortingOrder: 0
--- !u!33 &586663306
MeshFilter:
  m_ObjectHideFlags: 0
  m_PrefabParentObject: {fileID: 0}
  m_PrefabInternal: {fileID: 0}
  m_GameObject: {fileID: 586663303}
  m_Mesh: {fileID: 4300000, guid: 1ec88745575219945b586507b2ea8380, type: 3}
--- !u!1 &607674179
GameObject:
  m_ObjectHideFlags: 0
  m_PrefabParentObject: {fileID: 0}
  m_PrefabInternal: {fileID: 0}
  serializedVersion: 5
  m_Component:
  - component: {fileID: 607674180}
  - component: {fileID: 607674181}
  m_Layer: 0
  m_Name: Point light (6)
  m_TagString: Untagged
  m_Icon: {fileID: 0}
  m_NavMeshLayer: 0
  m_StaticEditorFlags: 0
  m_IsActive: 1
--- !u!4 &607674180
Transform:
  m_ObjectHideFlags: 0
  m_PrefabParentObject: {fileID: 0}
  m_PrefabInternal: {fileID: 0}
  m_GameObject: {fileID: 607674179}
  m_LocalRotation: {x: 0, y: 0, z: 0, w: 1}
  m_LocalPosition: {x: -50.75, y: 5.63, z: -99.14}
  m_LocalScale: {x: 1, y: 1, z: 1}
  m_Children: []
  m_Father: {fileID: 1112908071}
  m_RootOrder: 7
  m_LocalEulerAnglesHint: {x: 0, y: 0, z: 0}
--- !u!108 &607674181
Light:
  m_ObjectHideFlags: 0
  m_PrefabParentObject: {fileID: 0}
  m_PrefabInternal: {fileID: 0}
  m_GameObject: {fileID: 607674179}
  m_Enabled: 1
  serializedVersion: 8
  m_Type: 2
  m_Color: {r: 0.29990268, g: 0.84117043, b: 0.9485294, a: 1}
  m_Intensity: 1.2
  m_Range: 15
  m_SpotAngle: 30
  m_CookieSize: 10
  m_Shadows:
    m_Type: 0
    m_Resolution: -1
    m_CustomResolution: -1
    m_Strength: 1
    m_Bias: 0.05
    m_NormalBias: 0.4
    m_NearPlane: 0.2
  m_Cookie: {fileID: 0}
  m_DrawHalo: 0
  m_Flare: {fileID: 0}
  m_RenderMode: 0
  m_CullingMask:
    serializedVersion: 2
    m_Bits: 4294967295
  m_Lightmapping: 2
  m_AreaSize: {x: 1, y: 1}
  m_BounceIntensity: 1
  m_ColorTemperature: 6570
  m_UseColorTemperature: 0
  m_ShadowRadius: 0
  m_ShadowAngle: 0
--- !u!1 &773509293
GameObject:
  m_ObjectHideFlags: 0
  m_PrefabParentObject: {fileID: 0}
  m_PrefabInternal: {fileID: 0}
  serializedVersion: 5
  m_Component:
  - component: {fileID: 773509294}
  - component: {fileID: 773509295}
  m_Layer: 0
  m_Name: Point light (1)
  m_TagString: Untagged
  m_Icon: {fileID: 0}
  m_NavMeshLayer: 0
  m_StaticEditorFlags: 0
  m_IsActive: 1
--- !u!4 &773509294
Transform:
  m_ObjectHideFlags: 0
  m_PrefabParentObject: {fileID: 0}
  m_PrefabInternal: {fileID: 0}
  m_GameObject: {fileID: 773509293}
  m_LocalRotation: {x: 0, y: 0, z: 0, w: 1}
  m_LocalPosition: {x: -38.23, y: 9.19, z: -50.25}
  m_LocalScale: {x: 1, y: 1, z: 1}
  m_Children: []
  m_Father: {fileID: 1112908071}
  m_RootOrder: 2
  m_LocalEulerAnglesHint: {x: 0, y: 0, z: 0}
--- !u!108 &773509295
Light:
  m_ObjectHideFlags: 0
  m_PrefabParentObject: {fileID: 0}
  m_PrefabInternal: {fileID: 0}
  m_GameObject: {fileID: 773509293}
  m_Enabled: 1
  serializedVersion: 8
  m_Type: 2
  m_Color: {r: 0.7205882, g: 0.31785193, b: 0.1854455, a: 1}
  m_Intensity: 1.5
  m_Range: 15
  m_SpotAngle: 30
  m_CookieSize: 10
  m_Shadows:
    m_Type: 0
    m_Resolution: -1
    m_CustomResolution: -1
    m_Strength: 1
    m_Bias: 0.05
    m_NormalBias: 0.4
    m_NearPlane: 0.2
  m_Cookie: {fileID: 0}
  m_DrawHalo: 0
  m_Flare: {fileID: 0}
  m_RenderMode: 0
  m_CullingMask:
    serializedVersion: 2
    m_Bits: 4294967295
  m_Lightmapping: 2
  m_AreaSize: {x: 1, y: 1}
  m_BounceIntensity: 1
  m_ColorTemperature: 6570
  m_UseColorTemperature: 0
  m_ShadowRadius: 0
  m_ShadowAngle: 0
--- !u!1 &784883229
GameObject:
  m_ObjectHideFlags: 0
  m_PrefabParentObject: {fileID: 0}
  m_PrefabInternal: {fileID: 0}
  serializedVersion: 5
  m_Component:
  - component: {fileID: 784883230}
  - component: {fileID: 784883232}
  - component: {fileID: 784883231}
  m_Layer: 0
  m_Name: S_Build_Forest054
  m_TagString: Untagged
  m_Icon: {fileID: 0}
  m_NavMeshLayer: 0
  m_StaticEditorFlags: 4294967255
  m_IsActive: 1
--- !u!4 &784883230
Transform:
  m_ObjectHideFlags: 0
  m_PrefabParentObject: {fileID: 0}
  m_PrefabInternal: {fileID: 0}
  m_GameObject: {fileID: 784883229}
  m_LocalRotation: {x: 0.000000020514754, y: 0.36886114, z: -0.0000000075376985, w: 0.92948455}
  m_LocalPosition: {x: -52.54, y: -5.21, z: -63.52}
  m_LocalScale: {x: 3.28184, y: 3.28184, z: 3.28184}
  m_Children: []
  m_Father: {fileID: 18352685}
  m_RootOrder: 0
  m_LocalEulerAnglesHint: {x: 0, y: 43.291, z: 0}
--- !u!23 &784883231
MeshRenderer:
  m_ObjectHideFlags: 0
  m_PrefabParentObject: {fileID: 0}
  m_PrefabInternal: {fileID: 0}
  m_GameObject: {fileID: 784883229}
  m_Enabled: 1
  m_CastShadows: 1
  m_ReceiveShadows: 1
  m_MotionVectors: 1
  m_LightProbeUsage: 1
  m_ReflectionProbeUsage: 1
  m_Materials:
  - {fileID: 2100000, guid: 485e637910c588246b4fe66b079c4266, type: 2}
  - {fileID: 2100000, guid: 69376084c8ddcd843b1f088efa67b33b, type: 2}
  - {fileID: 2100000, guid: ee2fb2b75a9f0ed41a8be30c09cf5ed3, type: 2}
  m_StaticBatchInfo:
    firstSubMesh: 0
    subMeshCount: 0
  m_StaticBatchRoot: {fileID: 0}
  m_ProbeAnchor: {fileID: 0}
  m_LightProbeVolumeOverride: {fileID: 0}
  m_ScaleInLightmap: 0.8
  m_PreserveUVs: 0
  m_IgnoreNormalsForChartDetection: 0
  m_ImportantGI: 0
  m_SelectedEditorRenderState: 3
  m_MinimumChartSize: 4
  m_AutoUVMaxDistance: 0.5
  m_AutoUVMaxAngle: 89
  m_LightmapParameters: {fileID: 0}
  m_SortingLayerID: 0
  m_SortingLayer: 0
  m_SortingOrder: 0
--- !u!33 &784883232
MeshFilter:
  m_ObjectHideFlags: 0
  m_PrefabParentObject: {fileID: 0}
  m_PrefabInternal: {fileID: 0}
  m_GameObject: {fileID: 784883229}
  m_Mesh: {fileID: 4300000, guid: d4c975ce0cf71aa439aebac40a9605a6, type: 3}
--- !u!1 &859470559
GameObject:
  m_ObjectHideFlags: 0
  m_PrefabParentObject: {fileID: 0}
  m_PrefabInternal: {fileID: 0}
  serializedVersion: 5
  m_Component:
  - component: {fileID: 859470560}
  - component: {fileID: 859470561}
  m_Layer: 0
  m_Name: Object
  m_TagString: Untagged
  m_Icon: {fileID: 0}
  m_NavMeshLayer: 0
  m_StaticEditorFlags: 0
  m_IsActive: 1
--- !u!4 &859470560
Transform:
  m_ObjectHideFlags: 0
  m_PrefabParentObject: {fileID: 0}
  m_PrefabInternal: {fileID: 0}
  m_GameObject: {fileID: 859470559}
  m_LocalRotation: {x: -0, y: 1, z: -0, w: 0}
  m_LocalPosition: {x: 107.50001, y: 0, z: 114.2}
  m_LocalScale: {x: 1, y: 1, z: 1}
  m_Children:
  - {fileID: 18352685}
  - {fileID: 273106121}
  m_Father: {fileID: 0}
  m_RootOrder: 6
  m_LocalEulerAnglesHint: {x: 0, y: 180, z: 0}
--- !u!114 &859470561
MonoBehaviour:
  m_ObjectHideFlags: 0
  m_PrefabParentObject: {fileID: 0}
  m_PrefabInternal: {fileID: 0}
  m_GameObject: {fileID: 859470559}
  m_Enabled: 1
  m_EditorHideFlags: 0
  m_Script: {fileID: 11500000, guid: ca55a81f5ef02a34fa7253a1459c16f9, type: 3}
  m_Name: 
  m_EditorClassIdentifier: 
  width: 2300
  height: 1602
  defaultPos: {x: 54.230003, y: 2.88, z: 11.989998}
  enableDepth: 0
--- !u!4 &883945003 stripped
Transform:
  m_PrefabParentObject: {fileID: 4875692671170796, guid: 970559a850acdfc4987696959b411ea8,
    type: 2}
  m_PrefabInternal: {fileID: 524359363}
--- !u!1 &940534951
GameObject:
  m_ObjectHideFlags: 0
  m_PrefabParentObject: {fileID: 0}
  m_PrefabInternal: {fileID: 0}
  serializedVersion: 5
  m_Component:
  - component: {fileID: 940534952}
  - component: {fileID: 940534954}
  - component: {fileID: 940534953}
  m_Layer: 0
  m_Name: S_Build_Forest007
  m_TagString: Untagged
  m_Icon: {fileID: 0}
  m_NavMeshLayer: 0
  m_StaticEditorFlags: 4294967255
  m_IsActive: 1
--- !u!4 &940534952
Transform:
  m_ObjectHideFlags: 0
  m_PrefabParentObject: {fileID: 0}
  m_PrefabInternal: {fileID: 0}
  m_GameObject: {fileID: 940534951}
  m_LocalRotation: {x: 0.37800094, y: -0.23167045, z: -0.007284509, w: 0.8963208}
  m_LocalPosition: {x: -38.01, y: 1.8799996, z: -23.719997}
  m_LocalScale: {x: 4.1654587, y: 4.165459, z: 4.165459}
  m_Children: []
  m_Father: {fileID: 18352685}
  m_RootOrder: 4
  m_LocalEulerAnglesHint: {x: 42.396004, y: -34.737003, z: -14.764001}
--- !u!23 &940534953
MeshRenderer:
  m_ObjectHideFlags: 0
  m_PrefabParentObject: {fileID: 0}
  m_PrefabInternal: {fileID: 0}
  m_GameObject: {fileID: 940534951}
  m_Enabled: 1
  m_CastShadows: 1
  m_ReceiveShadows: 1
  m_MotionVectors: 1
  m_LightProbeUsage: 1
  m_ReflectionProbeUsage: 1
  m_Materials:
  - {fileID: 2100000, guid: 04a46e78b805fcf4cab0523b5f2a8d61, type: 2}
  m_StaticBatchInfo:
    firstSubMesh: 0
    subMeshCount: 0
  m_StaticBatchRoot: {fileID: 0}
  m_ProbeAnchor: {fileID: 0}
  m_LightProbeVolumeOverride: {fileID: 0}
  m_ScaleInLightmap: 0.6
  m_PreserveUVs: 0
  m_IgnoreNormalsForChartDetection: 0
  m_ImportantGI: 0
  m_SelectedEditorRenderState: 3
  m_MinimumChartSize: 4
  m_AutoUVMaxDistance: 0.5
  m_AutoUVMaxAngle: 89
  m_LightmapParameters: {fileID: 0}
  m_SortingLayerID: 0
  m_SortingLayer: 0
  m_SortingOrder: 0
--- !u!33 &940534954
MeshFilter:
  m_ObjectHideFlags: 0
  m_PrefabParentObject: {fileID: 0}
  m_PrefabInternal: {fileID: 0}
  m_GameObject: {fileID: 940534951}
  m_Mesh: {fileID: 4300000, guid: eef37025a14945d4e9e3aa13f78a7582, type: 3}
--- !u!1 &959279114
GameObject:
  m_ObjectHideFlags: 0
  m_PrefabParentObject: {fileID: 0}
  m_PrefabInternal: {fileID: 0}
  serializedVersion: 5
  m_Component:
  - component: {fileID: 959279115}
  - component: {fileID: 959279117}
  - component: {fileID: 959279116}
  m_Layer: 0
  m_Name: S_Build_Forest043 (2)
  m_TagString: Untagged
  m_Icon: {fileID: 0}
  m_NavMeshLayer: 0
  m_StaticEditorFlags: 4294967255
  m_IsActive: 1
--- !u!4 &959279115
Transform:
  m_ObjectHideFlags: 0
  m_PrefabParentObject: {fileID: 0}
  m_PrefabInternal: {fileID: 0}
  m_GameObject: {fileID: 959279114}
  m_LocalRotation: {x: 0.000000020433628, y: -0.37764817, z: 0.000000007754966, w: 0.9259492}
  m_LocalPosition: {x: -37.63, y: -7, z: -47.85}
  m_LocalScale: {x: 2.9009345, y: 2.9009337, z: 2.9009337}
  m_Children: []
  m_Father: {fileID: 18352685}
  m_RootOrder: 13
  m_LocalEulerAnglesHint: {x: 0, y: -44.376003, z: 0}
--- !u!23 &959279116
MeshRenderer:
  m_ObjectHideFlags: 0
  m_PrefabParentObject: {fileID: 0}
  m_PrefabInternal: {fileID: 0}
  m_GameObject: {fileID: 959279114}
  m_Enabled: 1
  m_CastShadows: 1
  m_ReceiveShadows: 1
  m_MotionVectors: 1
  m_LightProbeUsage: 1
  m_ReflectionProbeUsage: 1
  m_Materials:
  - {fileID: 2100000, guid: fa4debec8960d7a488d325449cdd4abe, type: 2}
  m_StaticBatchInfo:
    firstSubMesh: 0
    subMeshCount: 0
  m_StaticBatchRoot: {fileID: 0}
  m_ProbeAnchor: {fileID: 0}
  m_LightProbeVolumeOverride: {fileID: 0}
  m_ScaleInLightmap: 0.7
  m_PreserveUVs: 0
  m_IgnoreNormalsForChartDetection: 0
  m_ImportantGI: 0
  m_SelectedEditorRenderState: 3
  m_MinimumChartSize: 4
  m_AutoUVMaxDistance: 0.5
  m_AutoUVMaxAngle: 89
  m_LightmapParameters: {fileID: 0}
  m_SortingLayerID: 0
  m_SortingLayer: 0
  m_SortingOrder: 0
--- !u!33 &959279117
MeshFilter:
  m_ObjectHideFlags: 0
  m_PrefabParentObject: {fileID: 0}
  m_PrefabInternal: {fileID: 0}
  m_GameObject: {fileID: 959279114}
  m_Mesh: {fileID: 4300000, guid: a48f7c0a390ff7c4b9badeb7019bb77c, type: 3}
--- !u!1 &988197013
GameObject:
  m_ObjectHideFlags: 0
  m_PrefabParentObject: {fileID: 0}
  m_PrefabInternal: {fileID: 0}
  serializedVersion: 5
  m_Component:
  - component: {fileID: 988197014}
  - component: {fileID: 988197018}
  - component: {fileID: 988197017}
  - component: {fileID: 988197016}
  - component: {fileID: 988197015}
  m_Layer: 30
  m_Name: 'Terrain_3800 '
  m_TagString: Untagged
  m_Icon: {fileID: 0}
  m_NavMeshLayer: 0
  m_StaticEditorFlags: 4294967295
  m_IsActive: 1
--- !u!4 &988197014
Transform:
  m_ObjectHideFlags: 0
  m_PrefabParentObject: {fileID: 0}
  m_PrefabInternal: {fileID: 0}
  m_GameObject: {fileID: 988197013}
  m_LocalRotation: {x: -0, y: -0, z: -0, w: 1}
  m_LocalPosition: {x: 107.50001, y: 0, z: 114.2}
  m_LocalScale: {x: 1.4, y: 1.4, z: 1.4}
  m_Children: []
  m_Father: {fileID: 1115791313}
  m_RootOrder: 0
  m_LocalEulerAnglesHint: {x: 0, y: 0, z: 0}
--- !u!114 &988197015
MonoBehaviour:
  m_ObjectHideFlags: 0
  m_PrefabParentObject: {fileID: 0}
  m_PrefabInternal: {fileID: 0}
  m_GameObject: {fileID: 988197013}
  m_Enabled: 0
  m_EditorHideFlags: 0
  m_Script: {fileID: 11500000, guid: 1d93968b001d0e84aa6474c314037284, type: 3}
  m_Name: 
  m_EditorClassIdentifier: 
  ConvertType: 
  EnabledLODSystem: 1
  ObjPosition: []
  ObjLodScript: []
  ObjLodStatus: 
  MaxViewDistance: 60
  LOD2Start: 20
  LOD3Start: 40
  Interval: 0.5
  PlayerCamera: {fileID: 1916472804}
  Mode: 1
  Master: 1
  enabledBillboard: 1
  BillboardPosition: []
  BillInterval: 0.05
  BillStatus: 
  BillMaxViewDistance: 30
  BillScript: []
  enabledLayerCul: 1
  BackGroundView: 10000
  FarView: 200
  NormalView: 60
  CloseView: 30
  Axis: 0
  LODbasedOnScript: 1
  BilBbasedOnScript: 1
  T4MMaterial: {fileID: 2100000, guid: 4ac991133a0d8d647b85e36e8207565a, type: 2}
  T4MMesh: {fileID: 988197018}
  TranslucencyColor: {r: 0.73, g: 0.85, b: 0.4, a: 1}
  Wind: {x: 0.85, y: 0.075, z: 0.4, w: 0.5}
  WindFrequency: 0.75
  GrassWindFrequency: 1.5
  ActiveWind: 0
  LayerCullPreview: 0
  LODPreview: 0
  BillboardPreview: 0
  T4MMaskTex2d: {fileID: 0}
  T4MMaskTexd: {fileID: 0}
--- !u!64 &988197016
MeshCollider:
  m_ObjectHideFlags: 0
  m_PrefabParentObject: {fileID: 0}
  m_PrefabInternal: {fileID: 0}
  m_GameObject: {fileID: 988197013}
  m_Material: {fileID: 0}
  m_IsTrigger: 0
  m_Enabled: 0
  serializedVersion: 2
  m_Convex: 0
  m_InflateMesh: 0
  m_SkinWidth: 0.01
  m_Mesh: {fileID: 4300000, guid: 7f4df683a15684846bf6588da43f1853, type: 3}
--- !u!23 &988197017
MeshRenderer:
  m_ObjectHideFlags: 0
  m_PrefabParentObject: {fileID: 0}
  m_PrefabInternal: {fileID: 0}
  m_GameObject: {fileID: 988197013}
  m_Enabled: 1
  m_CastShadows: 1
  m_ReceiveShadows: 1
  m_MotionVectors: 1
  m_LightProbeUsage: 1
  m_ReflectionProbeUsage: 1
  m_Materials:
  - {fileID: 2100000, guid: 4ac991133a0d8d647b85e36e8207565a, type: 2}
  m_StaticBatchInfo:
    firstSubMesh: 0
    subMeshCount: 0
  m_StaticBatchRoot: {fileID: 0}
  m_ProbeAnchor: {fileID: 0}
  m_LightProbeVolumeOverride: {fileID: 0}
  m_ScaleInLightmap: 1.1
  m_PreserveUVs: 0
  m_IgnoreNormalsForChartDetection: 0
  m_ImportantGI: 0
  m_SelectedEditorRenderState: 0
  m_MinimumChartSize: 4
  m_AutoUVMaxDistance: 0.5
  m_AutoUVMaxAngle: 89
  m_LightmapParameters: {fileID: 0}
  m_SortingLayerID: 0
  m_SortingLayer: 0
  m_SortingOrder: 0
--- !u!33 &988197018
MeshFilter:
  m_ObjectHideFlags: 0
  m_PrefabParentObject: {fileID: 0}
  m_PrefabInternal: {fileID: 0}
  m_GameObject: {fileID: 988197013}
  m_Mesh: {fileID: 4300000, guid: 7f4df683a15684846bf6588da43f1853, type: 3}
--- !u!4 &1040902534 stripped
Transform:
  m_PrefabParentObject: {fileID: 4874135755600158, guid: 389dd4eb4078de84aad99d1af0f02efa,
    type: 2}
  m_PrefabInternal: {fileID: 1422780259}
--- !u!1 &1046371052
GameObject:
  m_ObjectHideFlags: 0
  m_PrefabParentObject: {fileID: 0}
  m_PrefabInternal: {fileID: 0}
  serializedVersion: 5
  m_Component:
  - component: {fileID: 1046371053}
  - component: {fileID: 1046371055}
  - component: {fileID: 1046371054}
  m_Layer: 0
  m_Name: S_Build_Forest043 (1)
  m_TagString: Untagged
  m_Icon: {fileID: 0}
  m_NavMeshLayer: 0
  m_StaticEditorFlags: 4294967255
  m_IsActive: 1
--- !u!4 &1046371053
Transform:
  m_ObjectHideFlags: 0
  m_PrefabParentObject: {fileID: 0}
  m_PrefabInternal: {fileID: 0}
  m_GameObject: {fileID: 1046371052}
  m_LocalRotation: {x: 0.000000020211923, y: -0.3519611, z: 0.000000008315699, w: 0.93601465}
  m_LocalPosition: {x: -37.929996, y: -7.52, z: -79.74999}
  m_LocalScale: {x: 2.9009342, y: 2.9009337, z: 2.9009337}
  m_Children: []
  m_Father: {fileID: 18352685}
  m_RootOrder: 11
  m_LocalEulerAnglesHint: {x: 0, y: -41.215, z: 0}
--- !u!23 &1046371054
MeshRenderer:
  m_ObjectHideFlags: 0
  m_PrefabParentObject: {fileID: 0}
  m_PrefabInternal: {fileID: 0}
  m_GameObject: {fileID: 1046371052}
  m_Enabled: 1
  m_CastShadows: 1
  m_ReceiveShadows: 1
  m_MotionVectors: 1
  m_LightProbeUsage: 1
  m_ReflectionProbeUsage: 1
  m_Materials:
  - {fileID: 2100000, guid: fa4debec8960d7a488d325449cdd4abe, type: 2}
  m_StaticBatchInfo:
    firstSubMesh: 0
    subMeshCount: 0
  m_StaticBatchRoot: {fileID: 0}
  m_ProbeAnchor: {fileID: 0}
  m_LightProbeVolumeOverride: {fileID: 0}
  m_ScaleInLightmap: 0.7
  m_PreserveUVs: 0
  m_IgnoreNormalsForChartDetection: 0
  m_ImportantGI: 0
  m_SelectedEditorRenderState: 3
  m_MinimumChartSize: 4
  m_AutoUVMaxDistance: 0.5
  m_AutoUVMaxAngle: 89
  m_LightmapParameters: {fileID: 0}
  m_SortingLayerID: 0
  m_SortingLayer: 0
  m_SortingOrder: 0
--- !u!33 &1046371055
MeshFilter:
  m_ObjectHideFlags: 0
  m_PrefabParentObject: {fileID: 0}
  m_PrefabInternal: {fileID: 0}
  m_GameObject: {fileID: 1046371052}
  m_Mesh: {fileID: 4300000, guid: a48f7c0a390ff7c4b9badeb7019bb77c, type: 3}
--- !u!1 &1079727905
GameObject:
  m_ObjectHideFlags: 0
  m_PrefabParentObject: {fileID: 0}
  m_PrefabInternal: {fileID: 0}
  serializedVersion: 5
  m_Component:
  - component: {fileID: 1079727906}
  - component: {fileID: 1079727908}
  - component: {fileID: 1079727907}
  m_Layer: 0
  m_Name: S_Rock_Black015
  m_TagString: Untagged
  m_Icon: {fileID: 0}
  m_NavMeshLayer: 0
  m_StaticEditorFlags: 4294967255
  m_IsActive: 1
--- !u!4 &1079727906
Transform:
  m_ObjectHideFlags: 0
  m_PrefabParentObject: {fileID: 0}
  m_PrefabInternal: {fileID: 0}
  m_GameObject: {fileID: 1079727905}
  m_LocalRotation: {x: 0.00000016090111, y: 0.721726, z: -0.0000001677696, w: 0.69217885}
  m_LocalPosition: {x: -65.91, y: -26.41, z: -91.66}
  m_LocalScale: {x: 2.1220508, y: 2.5961397, z: 2.7545867}
  m_Children: []
  m_Father: {fileID: 18352685}
  m_RootOrder: 8
  m_LocalEulerAnglesHint: {x: 0, y: 92.394005, z: 0}
--- !u!23 &1079727907
MeshRenderer:
  m_ObjectHideFlags: 0
  m_PrefabParentObject: {fileID: 0}
  m_PrefabInternal: {fileID: 0}
  m_GameObject: {fileID: 1079727905}
  m_Enabled: 1
  m_CastShadows: 1
  m_ReceiveShadows: 1
  m_MotionVectors: 1
  m_LightProbeUsage: 1
  m_ReflectionProbeUsage: 1
  m_Materials:
  - {fileID: 2100000, guid: b48d359fb63db86429e4cf6d3d586bba, type: 2}
  m_StaticBatchInfo:
    firstSubMesh: 0
    subMeshCount: 0
  m_StaticBatchRoot: {fileID: 0}
  m_ProbeAnchor: {fileID: 0}
  m_LightProbeVolumeOverride: {fileID: 0}
  m_ScaleInLightmap: 0.5
  m_PreserveUVs: 0
  m_IgnoreNormalsForChartDetection: 0
  m_ImportantGI: 0
  m_SelectedEditorRenderState: 3
  m_MinimumChartSize: 4
  m_AutoUVMaxDistance: 0.5
  m_AutoUVMaxAngle: 89
  m_LightmapParameters: {fileID: 0}
  m_SortingLayerID: 0
  m_SortingLayer: 0
  m_SortingOrder: 0
--- !u!33 &1079727908
MeshFilter:
  m_ObjectHideFlags: 0
  m_PrefabParentObject: {fileID: 0}
  m_PrefabInternal: {fileID: 0}
  m_GameObject: {fileID: 1079727905}
  m_Mesh: {fileID: 4300000, guid: 83e959be45787374bbd9a3ff52ac97a7, type: 3}
--- !u!1 &1112908070
GameObject:
  m_ObjectHideFlags: 0
  m_PrefabParentObject: {fileID: 0}
  m_PrefabInternal: {fileID: 0}
  serializedVersion: 5
  m_Component:
  - component: {fileID: 1112908071}
  m_Layer: 0
  m_Name: Light
  m_TagString: Untagged
  m_Icon: {fileID: 0}
  m_NavMeshLayer: 0
  m_StaticEditorFlags: 0
  m_IsActive: 1
--- !u!4 &1112908071
Transform:
  m_ObjectHideFlags: 0
  m_PrefabParentObject: {fileID: 0}
  m_PrefabInternal: {fileID: 0}
  m_GameObject: {fileID: 1112908070}
  m_LocalRotation: {x: -0, y: -0, z: -0, w: 1}
  m_LocalPosition: {x: 107.50001, y: 0, z: 114.2}
  m_LocalScale: {x: 1, y: 1, z: 1}
  m_Children:
  - {fileID: 1597806197}
  - {fileID: 11081622}
  - {fileID: 773509294}
  - {fileID: 15972978}
  - {fileID: 1725375408}
  - {fileID: 166002469}
  - {fileID: 1215092080}
  - {fileID: 607674180}
  m_Father: {fileID: 0}
  m_RootOrder: 5
  m_LocalEulerAnglesHint: {x: 0, y: 0, z: 0}
--- !u!1 &1115791312
GameObject:
  m_ObjectHideFlags: 0
  m_PrefabParentObject: {fileID: 0}
  m_PrefabInternal: {fileID: 0}
  serializedVersion: 5
  m_Component:
  - component: {fileID: 1115791313}
  m_Layer: 9
  m_Name: Ground
  m_TagString: Untagged
  m_Icon: {fileID: 0}
  m_NavMeshLayer: 0
  m_StaticEditorFlags: 0
  m_IsActive: 1
--- !u!4 &1115791313
Transform:
  m_ObjectHideFlags: 0
  m_PrefabParentObject: {fileID: 0}
  m_PrefabInternal: {fileID: 0}
  m_GameObject: {fileID: 1115791312}
  m_LocalRotation: {x: 0, y: 0, z: 0, w: 1}
  m_LocalPosition: {x: 0, y: 0, z: 0}
  m_LocalScale: {x: 1, y: 1, z: 1}
  m_Children:
  - {fileID: 988197014}
  m_Father: {fileID: 0}
  m_RootOrder: 4
  m_LocalEulerAnglesHint: {x: 0, y: 0, z: 0}
--- !u!4 &1118154625 stripped
Transform:
  m_PrefabParentObject: {fileID: 4875692671170796, guid: 970559a850acdfc4987696959b411ea8,
    type: 2}
  m_PrefabInternal: {fileID: 401349612}
--- !u!1 &1124965958
GameObject:
  m_ObjectHideFlags: 0
  m_PrefabParentObject: {fileID: 0}
  m_PrefabInternal: {fileID: 0}
  serializedVersion: 5
  m_Component:
  - component: {fileID: 1124965959}
  - component: {fileID: 1124965961}
  - component: {fileID: 1124965960}
  m_Layer: 0
  m_Name: S_Rock_Black024
  m_TagString: Untagged
  m_Icon: {fileID: 0}
  m_NavMeshLayer: 0
  m_StaticEditorFlags: 4294967255
  m_IsActive: 1
--- !u!4 &1124965959
Transform:
  m_ObjectHideFlags: 0
  m_PrefabParentObject: {fileID: 0}
  m_PrefabInternal: {fileID: 0}
  m_GameObject: {fileID: 1124965958}
  m_LocalRotation: {x: -0.010847408, y: 0.31610182, z: -0.014754465, w: -0.9485486}
  m_LocalPosition: {x: -31.92, y: -12.89, z: -55.48}
  m_LocalScale: {x: 1.1026922, y: 0.9678326, z: 1.1881112}
  m_Children: []
  m_Father: {fileID: 18352685}
  m_RootOrder: 3
  m_LocalEulerAnglesHint: {x: 1.7140001, y: -396.84302, z: 1.2110001}
--- !u!23 &1124965960
MeshRenderer:
  m_ObjectHideFlags: 0
  m_PrefabParentObject: {fileID: 0}
  m_PrefabInternal: {fileID: 0}
  m_GameObject: {fileID: 1124965958}
  m_Enabled: 1
  m_CastShadows: 1
  m_ReceiveShadows: 1
  m_MotionVectors: 1
  m_LightProbeUsage: 1
  m_ReflectionProbeUsage: 1
  m_Materials:
  - {fileID: 2100000, guid: b48d359fb63db86429e4cf6d3d586bba, type: 2}
  m_StaticBatchInfo:
    firstSubMesh: 0
    subMeshCount: 0
  m_StaticBatchRoot: {fileID: 0}
  m_ProbeAnchor: {fileID: 0}
  m_LightProbeVolumeOverride: {fileID: 0}
  m_ScaleInLightmap: 0.8
  m_PreserveUVs: 0
  m_IgnoreNormalsForChartDetection: 0
  m_ImportantGI: 0
  m_SelectedEditorRenderState: 3
  m_MinimumChartSize: 4
  m_AutoUVMaxDistance: 0.5
  m_AutoUVMaxAngle: 89
  m_LightmapParameters: {fileID: 0}
  m_SortingLayerID: 0
  m_SortingLayer: 0
  m_SortingOrder: 0
--- !u!33 &1124965961
MeshFilter:
  m_ObjectHideFlags: 0
  m_PrefabParentObject: {fileID: 0}
  m_PrefabInternal: {fileID: 0}
  m_GameObject: {fileID: 1124965958}
  m_Mesh: {fileID: 4300000, guid: aaac99bc48e2d244c95146cb86392739, type: 3}
--- !u!1 &1141818081
GameObject:
  m_ObjectHideFlags: 0
  m_PrefabParentObject: {fileID: 0}
  m_PrefabInternal: {fileID: 0}
  serializedVersion: 5
  m_Component:
  - component: {fileID: 1141818082}
  - component: {fileID: 1141818084}
  - component: {fileID: 1141818083}
  m_Layer: 0
  m_Name: S_Rock_Black003
  m_TagString: Untagged
  m_Icon: {fileID: 0}
  m_NavMeshLayer: 0
  m_StaticEditorFlags: 4294967255
  m_IsActive: 1
--- !u!4 &1141818082
Transform:
  m_ObjectHideFlags: 0
  m_PrefabParentObject: {fileID: 0}
  m_PrefabInternal: {fileID: 0}
  m_GameObject: {fileID: 1141818081}
  m_LocalRotation: {x: -0.0000000059624403, y: -0, z: -0, w: 1}
  m_LocalPosition: {x: -51.33, y: 1.43, z: -85.91}
  m_LocalScale: {x: 1.3350148, y: 1.3350148, z: 1.3350148}
  m_Children: []
  m_Father: {fileID: 18352685}
  m_RootOrder: 6
  m_LocalEulerAnglesHint: {x: 0, y: 0, z: 0}
--- !u!23 &1141818083
MeshRenderer:
  m_ObjectHideFlags: 0
  m_PrefabParentObject: {fileID: 0}
  m_PrefabInternal: {fileID: 0}
  m_GameObject: {fileID: 1141818081}
  m_Enabled: 1
  m_CastShadows: 1
  m_ReceiveShadows: 1
  m_MotionVectors: 1
  m_LightProbeUsage: 1
  m_ReflectionProbeUsage: 1
  m_Materials:
  - {fileID: 2100000, guid: b48d359fb63db86429e4cf6d3d586bba, type: 2}
  m_StaticBatchInfo:
    firstSubMesh: 0
    subMeshCount: 0
  m_StaticBatchRoot: {fileID: 0}
  m_ProbeAnchor: {fileID: 0}
  m_LightProbeVolumeOverride: {fileID: 0}
  m_ScaleInLightmap: 1
  m_PreserveUVs: 0
  m_IgnoreNormalsForChartDetection: 0
  m_ImportantGI: 0
  m_SelectedEditorRenderState: 3
  m_MinimumChartSize: 4
  m_AutoUVMaxDistance: 0.5
  m_AutoUVMaxAngle: 89
  m_LightmapParameters: {fileID: 0}
  m_SortingLayerID: 0
  m_SortingLayer: 0
  m_SortingOrder: 0
--- !u!33 &1141818084
MeshFilter:
  m_ObjectHideFlags: 0
  m_PrefabParentObject: {fileID: 0}
  m_PrefabInternal: {fileID: 0}
  m_GameObject: {fileID: 1141818081}
  m_Mesh: {fileID: 4300000, guid: b6a178dfefd41334481f517d35b52346, type: 3}
--- !u!1 &1215092079
GameObject:
  m_ObjectHideFlags: 0
  m_PrefabParentObject: {fileID: 0}
  m_PrefabInternal: {fileID: 0}
  serializedVersion: 5
  m_Component:
  - component: {fileID: 1215092080}
  - component: {fileID: 1215092081}
  m_Layer: 0
  m_Name: Point light (5)
  m_TagString: Untagged
  m_Icon: {fileID: 0}
  m_NavMeshLayer: 0
  m_StaticEditorFlags: 0
  m_IsActive: 1
--- !u!4 &1215092080
Transform:
  m_ObjectHideFlags: 0
  m_PrefabParentObject: {fileID: 0}
  m_PrefabInternal: {fileID: 0}
  m_GameObject: {fileID: 1215092079}
  m_LocalRotation: {x: 0, y: 0, z: 0, w: 1}
  m_LocalPosition: {x: -19.42, y: 7.23, z: -39.49}
  m_LocalScale: {x: 1, y: 1, z: 1}
  m_Children: []
  m_Father: {fileID: 1112908071}
  m_RootOrder: 6
  m_LocalEulerAnglesHint: {x: 0, y: 0, z: 0}
--- !u!108 &1215092081
Light:
  m_ObjectHideFlags: 0
  m_PrefabParentObject: {fileID: 0}
  m_PrefabInternal: {fileID: 0}
  m_GameObject: {fileID: 1215092079}
  m_Enabled: 1
  serializedVersion: 8
  m_Type: 2
  m_Color: {r: 0.7794118, g: 0.3442929, b: 0.20058392, a: 1}
  m_Intensity: 1
  m_Range: 35
  m_SpotAngle: 30
  m_CookieSize: 10
  m_Shadows:
    m_Type: 0
    m_Resolution: -1
    m_CustomResolution: -1
    m_Strength: 1
    m_Bias: 0.05
    m_NormalBias: 0.4
    m_NearPlane: 0.2
  m_Cookie: {fileID: 0}
  m_DrawHalo: 0
  m_Flare: {fileID: 0}
  m_RenderMode: 0
  m_CullingMask:
    serializedVersion: 2
    m_Bits: 4294967295
  m_Lightmapping: 2
  m_AreaSize: {x: 1, y: 1}
  m_BounceIntensity: 1
  m_ColorTemperature: 6570
  m_UseColorTemperature: 0
  m_ShadowRadius: 0
  m_ShadowAngle: 0
--- !u!1 &1223598755
GameObject:
  m_ObjectHideFlags: 0
  m_PrefabParentObject: {fileID: 0}
  m_PrefabInternal: {fileID: 0}
  serializedVersion: 5
  m_Component:
  - component: {fileID: 1223598756}
  - component: {fileID: 1223598758}
  - component: {fileID: 1223598757}
  m_Layer: 0
  m_Name: S_Build_Forest043 (3)
  m_TagString: Untagged
  m_Icon: {fileID: 0}
  m_NavMeshLayer: 0
  m_StaticEditorFlags: 4294967255
  m_IsActive: 1
--- !u!4 &1223598756
Transform:
  m_ObjectHideFlags: 0
  m_PrefabParentObject: {fileID: 0}
  m_PrefabInternal: {fileID: 0}
  m_GameObject: {fileID: 1223598755}
  m_LocalRotation: {x: 0.000000020211923, y: -0.3519611, z: 0.000000008315699, w: 0.93601465}
  m_LocalPosition: {x: -68.48, y: -7, z: -48.47}
  m_LocalScale: {x: 2.9009342, y: 2.9009337, z: 2.9009337}
  m_Children: []
  m_Father: {fileID: 18352685}
  m_RootOrder: 15
  m_LocalEulerAnglesHint: {x: 0, y: -41.215, z: 0}
--- !u!23 &1223598757
MeshRenderer:
  m_ObjectHideFlags: 0
  m_PrefabParentObject: {fileID: 0}
  m_PrefabInternal: {fileID: 0}
  m_GameObject: {fileID: 1223598755}
  m_Enabled: 1
  m_CastShadows: 1
  m_ReceiveShadows: 1
  m_MotionVectors: 1
  m_LightProbeUsage: 1
  m_ReflectionProbeUsage: 1
  m_Materials:
  - {fileID: 2100000, guid: fa4debec8960d7a488d325449cdd4abe, type: 2}
  m_StaticBatchInfo:
    firstSubMesh: 0
    subMeshCount: 0
  m_StaticBatchRoot: {fileID: 0}
  m_ProbeAnchor: {fileID: 0}
  m_LightProbeVolumeOverride: {fileID: 0}
  m_ScaleInLightmap: 0.7
  m_PreserveUVs: 0
  m_IgnoreNormalsForChartDetection: 0
  m_ImportantGI: 0
  m_SelectedEditorRenderState: 3
  m_MinimumChartSize: 4
  m_AutoUVMaxDistance: 0.5
  m_AutoUVMaxAngle: 89
  m_LightmapParameters: {fileID: 0}
  m_SortingLayerID: 0
  m_SortingLayer: 0
  m_SortingOrder: 0
--- !u!33 &1223598758
MeshFilter:
  m_ObjectHideFlags: 0
  m_PrefabParentObject: {fileID: 0}
  m_PrefabInternal: {fileID: 0}
  m_GameObject: {fileID: 1223598755}
  m_Mesh: {fileID: 4300000, guid: a48f7c0a390ff7c4b9badeb7019bb77c, type: 3}
--- !u!1 &1234156262
GameObject:
  m_ObjectHideFlags: 0
  m_PrefabParentObject: {fileID: 0}
  m_PrefabInternal: {fileID: 0}
  serializedVersion: 5
  m_Component:
  - component: {fileID: 1234156263}
  m_Layer: 0
  m_Name: defaultPos
  m_TagString: Untagged
  m_Icon: {fileID: 0}
  m_NavMeshLayer: 0
  m_StaticEditorFlags: 0
  m_IsActive: 1
--- !u!4 &1234156263
Transform:
  m_ObjectHideFlags: 0
  m_PrefabParentObject: {fileID: 0}
  m_PrefabInternal: {fileID: 0}
  m_GameObject: {fileID: 1234156262}
  m_LocalRotation: {x: -0, y: -0, z: -0, w: 1}
  m_LocalPosition: {x: 54.230003, y: 2.88, z: 11.989998}
  m_LocalScale: {x: 1, y: 1, z: 1}
  m_Children: []
  m_Father: {fileID: 0}
  m_RootOrder: 3
  m_LocalEulerAnglesHint: {x: 0, y: 0, z: 0}
--- !u!1 &1369649017
GameObject:
  m_ObjectHideFlags: 0
  m_PrefabParentObject: {fileID: 0}
  m_PrefabInternal: {fileID: 0}
  serializedVersion: 5
  m_Component:
  - component: {fileID: 1369649018}
  - component: {fileID: 1369649020}
  - component: {fileID: 1369649019}
  m_Layer: 0
  m_Name: S_Build_Forest053
  m_TagString: Untagged
  m_Icon: {fileID: 0}
  m_NavMeshLayer: 0
  m_StaticEditorFlags: 4294967255
  m_IsActive: 1
--- !u!4 &1369649018
Transform:
  m_ObjectHideFlags: 0
  m_PrefabParentObject: {fileID: 0}
  m_PrefabInternal: {fileID: 0}
  m_GameObject: {fileID: 1369649017}
  m_LocalRotation: {x: 0, y: 0, z: 0, w: 1}
  m_LocalPosition: {x: -56.6, y: -34.47, z: 9.959999}
  m_LocalScale: {x: 23.672684, y: 15.168393, z: 23.672705}
  m_Children: []
  m_Father: {fileID: 18352685}
  m_RootOrder: 10
  m_LocalEulerAnglesHint: {x: 0, y: 0, z: 0}
--- !u!23 &1369649019
MeshRenderer:
  m_ObjectHideFlags: 0
  m_PrefabParentObject: {fileID: 0}
  m_PrefabInternal: {fileID: 0}
  m_GameObject: {fileID: 1369649017}
  m_Enabled: 1
  m_CastShadows: 1
  m_ReceiveShadows: 1
  m_MotionVectors: 1
  m_LightProbeUsage: 1
  m_ReflectionProbeUsage: 1
  m_Materials:
  - {fileID: 2100000, guid: ee2fb2b75a9f0ed41a8be30c09cf5ed3, type: 2}
  m_StaticBatchInfo:
    firstSubMesh: 0
    subMeshCount: 0
  m_StaticBatchRoot: {fileID: 0}
  m_ProbeAnchor: {fileID: 0}
  m_LightProbeVolumeOverride: {fileID: 0}
  m_ScaleInLightmap: 0.4
  m_PreserveUVs: 0
  m_IgnoreNormalsForChartDetection: 0
  m_ImportantGI: 0
  m_SelectedEditorRenderState: 3
  m_MinimumChartSize: 4
  m_AutoUVMaxDistance: 0.5
  m_AutoUVMaxAngle: 89
  m_LightmapParameters: {fileID: 0}
  m_SortingLayerID: 0
  m_SortingLayer: 0
  m_SortingOrder: 0
--- !u!33 &1369649020
MeshFilter:
  m_ObjectHideFlags: 0
  m_PrefabParentObject: {fileID: 0}
  m_PrefabInternal: {fileID: 0}
  m_GameObject: {fileID: 1369649017}
  m_Mesh: {fileID: 4300000, guid: e93d65bc515c7ff4097c89a3c770aeac, type: 3}
--- !u!4 &1416328908 stripped
Transform:
  m_PrefabParentObject: {fileID: 4875692671170796, guid: 970559a850acdfc4987696959b411ea8,
    type: 2}
  m_PrefabInternal: {fileID: 1724934605}
--- !u!1001 &1422780259
Prefab:
  m_ObjectHideFlags: 0
  serializedVersion: 2
  m_Modification:
    m_TransformParent: {fileID: 273106121}
    m_Modifications:
    - target: {fileID: 4874135755600158, guid: 389dd4eb4078de84aad99d1af0f02efa, type: 2}
      propertyPath: m_LocalPosition.x
      value: -54
      objectReference: {fileID: 0}
    - target: {fileID: 4874135755600158, guid: 389dd4eb4078de84aad99d1af0f02efa, type: 2}
      propertyPath: m_LocalPosition.y
      value: -13.905
      objectReference: {fileID: 0}
    - target: {fileID: 4874135755600158, guid: 389dd4eb4078de84aad99d1af0f02efa, type: 2}
      propertyPath: m_LocalPosition.z
      value: -16.9
      objectReference: {fileID: 0}
    - target: {fileID: 4874135755600158, guid: 389dd4eb4078de84aad99d1af0f02efa, type: 2}
      propertyPath: m_LocalRotation.x
      value: -0
      objectReference: {fileID: 0}
    - target: {fileID: 4874135755600158, guid: 389dd4eb4078de84aad99d1af0f02efa, type: 2}
      propertyPath: m_LocalRotation.y
      value: -0
      objectReference: {fileID: 0}
    - target: {fileID: 4874135755600158, guid: 389dd4eb4078de84aad99d1af0f02efa, type: 2}
      propertyPath: m_LocalRotation.z
      value: -0
      objectReference: {fileID: 0}
    - target: {fileID: 4874135755600158, guid: 389dd4eb4078de84aad99d1af0f02efa, type: 2}
      propertyPath: m_LocalRotation.w
      value: 1
      objectReference: {fileID: 0}
    - target: {fileID: 4874135755600158, guid: 389dd4eb4078de84aad99d1af0f02efa, type: 2}
      propertyPath: m_RootOrder
      value: 7
      objectReference: {fileID: 0}
    m_RemovedComponents: []
  m_ParentPrefab: {fileID: 100100000, guid: 389dd4eb4078de84aad99d1af0f02efa, type: 2}
  m_IsPrefabParent: 0
--- !u!1 &1475183981
GameObject:
  m_ObjectHideFlags: 0
  m_PrefabParentObject: {fileID: 0}
  m_PrefabInternal: {fileID: 0}
  serializedVersion: 5
  m_Component:
  - component: {fileID: 1475183982}
  - component: {fileID: 1475183984}
  - component: {fileID: 1475183983}
  m_Layer: 0
  m_Name: S_Rock_Black015 (1)
  m_TagString: Untagged
  m_Icon: {fileID: 0}
  m_NavMeshLayer: 0
  m_StaticEditorFlags: 4294967255
  m_IsActive: 1
--- !u!4 &1475183982
Transform:
  m_ObjectHideFlags: 0
  m_PrefabParentObject: {fileID: 0}
  m_PrefabInternal: {fileID: 0}
  m_GameObject: {fileID: 1475183981}
  m_LocalRotation: {x: 0.018595204, y: -0.7491238, z: 0.021047805, w: 0.6618345}
  m_LocalPosition: {x: -36.32, y: -25.13, z: -90.3}
  m_LocalScale: {x: 2.1220496, y: 2.5961385, z: 3.4670262}
  m_Children: []
  m_Father: {fileID: 18352685}
  m_RootOrder: 18
  m_LocalEulerAnglesHint: {x: 3.219, y: -97.08, z: 0}
--- !u!23 &1475183983
MeshRenderer:
  m_ObjectHideFlags: 0
  m_PrefabParentObject: {fileID: 0}
  m_PrefabInternal: {fileID: 0}
  m_GameObject: {fileID: 1475183981}
  m_Enabled: 1
  m_CastShadows: 1
  m_ReceiveShadows: 1
  m_MotionVectors: 1
  m_LightProbeUsage: 1
  m_ReflectionProbeUsage: 1
  m_Materials:
  - {fileID: 2100000, guid: b48d359fb63db86429e4cf6d3d586bba, type: 2}
  m_StaticBatchInfo:
    firstSubMesh: 0
    subMeshCount: 0
  m_StaticBatchRoot: {fileID: 0}
  m_ProbeAnchor: {fileID: 0}
  m_LightProbeVolumeOverride: {fileID: 0}
  m_ScaleInLightmap: 0.5
  m_PreserveUVs: 0
  m_IgnoreNormalsForChartDetection: 0
  m_ImportantGI: 0
  m_SelectedEditorRenderState: 3
  m_MinimumChartSize: 4
  m_AutoUVMaxDistance: 0.5
  m_AutoUVMaxAngle: 89
  m_LightmapParameters: {fileID: 0}
  m_SortingLayerID: 0
  m_SortingLayer: 0
  m_SortingOrder: 0
--- !u!33 &1475183984
MeshFilter:
  m_ObjectHideFlags: 0
  m_PrefabParentObject: {fileID: 0}
  m_PrefabInternal: {fileID: 0}
  m_GameObject: {fileID: 1475183981}
  m_Mesh: {fileID: 4300000, guid: 83e959be45787374bbd9a3ff52ac97a7, type: 3}
--- !u!4 &1551024151 stripped
Transform:
  m_PrefabParentObject: {fileID: 4772722473619902, guid: ef930acf86ce0ea439d66ec458c35b53,
    type: 2}
  m_PrefabInternal: {fileID: 2092720115}
--- !u!1 &1597806196
GameObject:
  m_ObjectHideFlags: 0
  m_PrefabParentObject: {fileID: 0}
  m_PrefabInternal: {fileID: 0}
  serializedVersion: 5
  m_Component:
  - component: {fileID: 1597806197}
  - component: {fileID: 1597806198}
  m_Layer: 0
  m_Name: Directional light
  m_TagString: Untagged
  m_Icon: {fileID: 0}
  m_NavMeshLayer: 0
  m_StaticEditorFlags: 0
  m_IsActive: 1
--- !u!4 &1597806197
Transform:
  m_ObjectHideFlags: 0
  m_PrefabParentObject: {fileID: 0}
  m_PrefabInternal: {fileID: 0}
  m_GameObject: {fileID: 1597806196}
  m_LocalRotation: {x: 0.65167505, y: 0.6886559, z: -0.23738861, w: 0.21146956}
  m_LocalPosition: {x: -56.06, y: 17.83, z: -77.47}
  m_LocalScale: {x: 1, y: 1, z: 1}
  m_Children: []
  m_Father: {fileID: 1112908071}
  m_RootOrder: 0
  m_LocalEulerAnglesHint: {x: 37.055, y: 541.303, z: 447.276}
--- !u!108 &1597806198
Light:
  m_ObjectHideFlags: 0
  m_PrefabParentObject: {fileID: 0}
  m_PrefabInternal: {fileID: 0}
  m_GameObject: {fileID: 1597806196}
  m_Enabled: 1
  serializedVersion: 8
  m_Type: 1
  m_Color: {r: 0.2647059, g: 0.11094291, b: 0.11094291, a: 1}
  m_Intensity: 1.2
  m_Range: 10
  m_SpotAngle: 30
  m_CookieSize: 10
  m_Shadows:
    m_Type: 1
    m_Resolution: -1
    m_CustomResolution: -1
    m_Strength: 1
    m_Bias: 0.05
    m_NormalBias: 0.4
    m_NearPlane: 0.2
  m_Cookie: {fileID: 0}
  m_DrawHalo: 0
  m_Flare: {fileID: 0}
  m_RenderMode: 0
  m_CullingMask:
    serializedVersion: 2
    m_Bits: 4294967295
  m_Lightmapping: 2
  m_AreaSize: {x: 1, y: 1}
  m_BounceIntensity: 1
  m_ColorTemperature: 6570
  m_UseColorTemperature: 0
  m_ShadowRadius: 0
  m_ShadowAngle: 0
--- !u!1001 &1599985941
Prefab:
  m_ObjectHideFlags: 0
  serializedVersion: 2
  m_Modification:
    m_TransformParent: {fileID: 273106121}
    m_Modifications:
    - target: {fileID: 4874135755600158, guid: 389dd4eb4078de84aad99d1af0f02efa, type: 2}
      propertyPath: m_LocalPosition.x
      value: -56.1
      objectReference: {fileID: 0}
    - target: {fileID: 4874135755600158, guid: 389dd4eb4078de84aad99d1af0f02efa, type: 2}
      propertyPath: m_LocalPosition.y
      value: -8.56
      objectReference: {fileID: 0}
    - target: {fileID: 4874135755600158, guid: 389dd4eb4078de84aad99d1af0f02efa, type: 2}
      propertyPath: m_LocalPosition.z
      value: 10.11
      objectReference: {fileID: 0}
    - target: {fileID: 4874135755600158, guid: 389dd4eb4078de84aad99d1af0f02efa, type: 2}
      propertyPath: m_LocalRotation.x
      value: -0
      objectReference: {fileID: 0}
    - target: {fileID: 4874135755600158, guid: 389dd4eb4078de84aad99d1af0f02efa, type: 2}
      propertyPath: m_LocalRotation.y
      value: -0
      objectReference: {fileID: 0}
    - target: {fileID: 4874135755600158, guid: 389dd4eb4078de84aad99d1af0f02efa, type: 2}
      propertyPath: m_LocalRotation.z
      value: -0
      objectReference: {fileID: 0}
    - target: {fileID: 4874135755600158, guid: 389dd4eb4078de84aad99d1af0f02efa, type: 2}
      propertyPath: m_LocalRotation.w
      value: 1
      objectReference: {fileID: 0}
    - target: {fileID: 4874135755600158, guid: 389dd4eb4078de84aad99d1af0f02efa, type: 2}
      propertyPath: m_RootOrder
      value: 8
      objectReference: {fileID: 0}
    - target: {fileID: 1264306715869800, guid: 389dd4eb4078de84aad99d1af0f02efa, type: 2}
      propertyPath: m_Name
      value: E_Scene_rongyan04 (1)
      objectReference: {fileID: 0}
    - target: {fileID: 4874135755600158, guid: 389dd4eb4078de84aad99d1af0f02efa, type: 2}
      propertyPath: m_LocalScale.y
      value: 1.3676391
      objectReference: {fileID: 0}
    - target: {fileID: 4874135755600158, guid: 389dd4eb4078de84aad99d1af0f02efa, type: 2}
      propertyPath: m_LocalScale.z
      value: 1.3676391
      objectReference: {fileID: 0}
    - target: {fileID: 4874135755600158, guid: 389dd4eb4078de84aad99d1af0f02efa, type: 2}
      propertyPath: m_LocalScale.x
      value: 1.3676393
      objectReference: {fileID: 0}
    m_RemovedComponents: []
  m_ParentPrefab: {fileID: 100100000, guid: 389dd4eb4078de84aad99d1af0f02efa, type: 2}
  m_IsPrefabParent: 0
--- !u!4 &1599985942 stripped
Transform:
  m_PrefabParentObject: {fileID: 4874135755600158, guid: 389dd4eb4078de84aad99d1af0f02efa,
    type: 2}
  m_PrefabInternal: {fileID: 1599985941}
--- !u!4 &1713630629 stripped
Transform:
  m_PrefabParentObject: {fileID: 4875692671170796, guid: 970559a850acdfc4987696959b411ea8,
    type: 2}
  m_PrefabInternal: {fileID: 1784564143}
--- !u!1001 &1724934605
Prefab:
  m_ObjectHideFlags: 0
  serializedVersion: 2
  m_Modification:
    m_TransformParent: {fileID: 273106121}
    m_Modifications:
    - target: {fileID: 4875692671170796, guid: 970559a850acdfc4987696959b411ea8, type: 2}
      propertyPath: m_LocalPosition.x
      value: -37.75
      objectReference: {fileID: 0}
    - target: {fileID: 4875692671170796, guid: 970559a850acdfc4987696959b411ea8, type: 2}
      propertyPath: m_LocalPosition.y
      value: 8.41
      objectReference: {fileID: 0}
    - target: {fileID: 4875692671170796, guid: 970559a850acdfc4987696959b411ea8, type: 2}
      propertyPath: m_LocalPosition.z
      value: -47.84
      objectReference: {fileID: 0}
    - target: {fileID: 4875692671170796, guid: 970559a850acdfc4987696959b411ea8, type: 2}
      propertyPath: m_LocalRotation.x
      value: -0
      objectReference: {fileID: 0}
    - target: {fileID: 4875692671170796, guid: 970559a850acdfc4987696959b411ea8, type: 2}
      propertyPath: m_LocalRotation.y
      value: -0
      objectReference: {fileID: 0}
    - target: {fileID: 4875692671170796, guid: 970559a850acdfc4987696959b411ea8, type: 2}
      propertyPath: m_LocalRotation.z
      value: -0
      objectReference: {fileID: 0}
    - target: {fileID: 4875692671170796, guid: 970559a850acdfc4987696959b411ea8, type: 2}
      propertyPath: m_LocalRotation.w
      value: 1
      objectReference: {fileID: 0}
    - target: {fileID: 4875692671170796, guid: 970559a850acdfc4987696959b411ea8, type: 2}
      propertyPath: m_RootOrder
      value: 4
      objectReference: {fileID: 0}
    - target: {fileID: 1674275250573238, guid: 970559a850acdfc4987696959b411ea8, type: 2}
      propertyPath: m_Name
      value: E_Scene_Huodui_01 (6)
      objectReference: {fileID: 0}
    - target: {fileID: 4875692671170796, guid: 970559a850acdfc4987696959b411ea8, type: 2}
      propertyPath: m_LocalScale.x
      value: 1.2665739
      objectReference: {fileID: 0}
    - target: {fileID: 4875692671170796, guid: 970559a850acdfc4987696959b411ea8, type: 2}
      propertyPath: m_LocalScale.y
      value: 1.2665741
      objectReference: {fileID: 0}
    - target: {fileID: 4875692671170796, guid: 970559a850acdfc4987696959b411ea8, type: 2}
      propertyPath: m_LocalScale.z
      value: 1.2665741
      objectReference: {fileID: 0}
    m_RemovedComponents: []
  m_ParentPrefab: {fileID: 100100000, guid: 970559a850acdfc4987696959b411ea8, type: 2}
  m_IsPrefabParent: 0
--- !u!1 &1725375407
GameObject:
  m_ObjectHideFlags: 0
  m_PrefabParentObject: {fileID: 0}
  m_PrefabInternal: {fileID: 0}
  serializedVersion: 5
  m_Component:
  - component: {fileID: 1725375408}
  - component: {fileID: 1725375409}
  m_Layer: 0
  m_Name: Point light (3)
  m_TagString: Untagged
  m_Icon: {fileID: 0}
  m_NavMeshLayer: 0
  m_StaticEditorFlags: 0
  m_IsActive: 1
--- !u!4 &1725375408
Transform:
  m_ObjectHideFlags: 0
  m_PrefabParentObject: {fileID: 0}
  m_PrefabInternal: {fileID: 0}
  m_GameObject: {fileID: 1725375407}
  m_LocalRotation: {x: -0, y: -0, z: -0, w: 1}
  m_LocalPosition: {x: -65.31, y: 9.19, z: -79.51}
  m_LocalScale: {x: 1, y: 1, z: 1}
  m_Children: []
  m_Father: {fileID: 1112908071}
  m_RootOrder: 4
  m_LocalEulerAnglesHint: {x: 0, y: 0, z: 0}
--- !u!108 &1725375409
Light:
  m_ObjectHideFlags: 0
  m_PrefabParentObject: {fileID: 0}
  m_PrefabInternal: {fileID: 0}
  m_GameObject: {fileID: 1725375407}
  m_Enabled: 1
  serializedVersion: 8
  m_Type: 2
  m_Color: {r: 0.7205882, g: 0.31785193, b: 0.1854455, a: 1}
  m_Intensity: 1.5
  m_Range: 15
  m_SpotAngle: 30
  m_CookieSize: 10
  m_Shadows:
    m_Type: 0
    m_Resolution: -1
    m_CustomResolution: -1
    m_Strength: 1
    m_Bias: 0.05
    m_NormalBias: 0.4
    m_NearPlane: 0.2
  m_Cookie: {fileID: 0}
  m_DrawHalo: 0
  m_Flare: {fileID: 0}
  m_RenderMode: 0
  m_CullingMask:
    serializedVersion: 2
    m_Bits: 4294967295
  m_Lightmapping: 2
  m_AreaSize: {x: 1, y: 1}
  m_BounceIntensity: 1
  m_ColorTemperature: 6570
  m_UseColorTemperature: 0
  m_ShadowRadius: 0
  m_ShadowAngle: 0
--- !u!1 &1776314173
GameObject:
  m_ObjectHideFlags: 0
  m_PrefabParentObject: {fileID: 0}
  m_PrefabInternal: {fileID: 0}
  serializedVersion: 5
  m_Component:
  - component: {fileID: 1776314174}
  - component: {fileID: 1776314176}
  - component: {fileID: 1776314175}
  m_Layer: 0
  m_Name: S_Rock_Black015 (1)
  m_TagString: Untagged
  m_Icon: {fileID: 0}
  m_NavMeshLayer: 0
  m_StaticEditorFlags: 4294967255
  m_IsActive: 1
--- !u!4 &1776314174
Transform:
  m_ObjectHideFlags: 0
  m_PrefabParentObject: {fileID: 0}
  m_PrefabInternal: {fileID: 0}
  m_GameObject: {fileID: 1776314173}
  m_LocalRotation: {x: -0.09066442, y: -0.73916656, z: 0.051673703, w: -0.6653891}
  m_LocalPosition: {x: -44.3, y: -26, z: -3.4}
  m_LocalScale: {x: 3.0385013, y: 3.038499, z: 3.038501}
  m_Children: []
  m_Father: {fileID: 18352685}
  m_RootOrder: 20
  m_LocalEulerAnglesHint: {x: 11.364, y: -263.606, z: 3.8170002}
--- !u!23 &1776314175
MeshRenderer:
  m_ObjectHideFlags: 0
  m_PrefabParentObject: {fileID: 0}
  m_PrefabInternal: {fileID: 0}
  m_GameObject: {fileID: 1776314173}
  m_Enabled: 1
  m_CastShadows: 1
  m_ReceiveShadows: 1
  m_MotionVectors: 1
  m_LightProbeUsage: 1
  m_ReflectionProbeUsage: 1
  m_Materials:
  - {fileID: 2100000, guid: b48d359fb63db86429e4cf6d3d586bba, type: 2}
  m_StaticBatchInfo:
    firstSubMesh: 0
    subMeshCount: 0
  m_StaticBatchRoot: {fileID: 0}
  m_ProbeAnchor: {fileID: 0}
  m_LightProbeVolumeOverride: {fileID: 0}
  m_ScaleInLightmap: 0.3
  m_PreserveUVs: 0
  m_IgnoreNormalsForChartDetection: 0
  m_ImportantGI: 0
  m_SelectedEditorRenderState: 3
  m_MinimumChartSize: 4
  m_AutoUVMaxDistance: 0.5
  m_AutoUVMaxAngle: 89
  m_LightmapParameters: {fileID: 0}
  m_SortingLayerID: 0
  m_SortingLayer: 0
  m_SortingOrder: 0
--- !u!33 &1776314176
MeshFilter:
  m_ObjectHideFlags: 0
  m_PrefabParentObject: {fileID: 0}
  m_PrefabInternal: {fileID: 0}
  m_GameObject: {fileID: 1776314173}
  m_Mesh: {fileID: 4300000, guid: 83e959be45787374bbd9a3ff52ac97a7, type: 3}
--- !u!1001 &1784564143
Prefab:
  m_ObjectHideFlags: 0
  serializedVersion: 2
  m_Modification:
    m_TransformParent: {fileID: 273106121}
    m_Modifications:
    - target: {fileID: 4875692671170796, guid: 970559a850acdfc4987696959b411ea8, type: 2}
      propertyPath: m_LocalPosition.x
      value: -68.66
      objectReference: {fileID: 0}
    - target: {fileID: 4875692671170796, guid: 970559a850acdfc4987696959b411ea8, type: 2}
      propertyPath: m_LocalPosition.y
      value: 8.41
      objectReference: {fileID: 0}
    - target: {fileID: 4875692671170796, guid: 970559a850acdfc4987696959b411ea8, type: 2}
      propertyPath: m_LocalPosition.z
      value: -48.56
      objectReference: {fileID: 0}
    - target: {fileID: 4875692671170796, guid: 970559a850acdfc4987696959b411ea8, type: 2}
      propertyPath: m_LocalRotation.x
      value: -0
      objectReference: {fileID: 0}
    - target: {fileID: 4875692671170796, guid: 970559a850acdfc4987696959b411ea8, type: 2}
      propertyPath: m_LocalRotation.y
      value: -0
      objectReference: {fileID: 0}
    - target: {fileID: 4875692671170796, guid: 970559a850acdfc4987696959b411ea8, type: 2}
      propertyPath: m_LocalRotation.z
      value: -0
      objectReference: {fileID: 0}
    - target: {fileID: 4875692671170796, guid: 970559a850acdfc4987696959b411ea8, type: 2}
      propertyPath: m_LocalRotation.w
      value: 1
      objectReference: {fileID: 0}
    - target: {fileID: 4875692671170796, guid: 970559a850acdfc4987696959b411ea8, type: 2}
      propertyPath: m_RootOrder
      value: 3
      objectReference: {fileID: 0}
    - target: {fileID: 1674275250573238, guid: 970559a850acdfc4987696959b411ea8, type: 2}
      propertyPath: m_Name
      value: E_Scene_Huodui_01 (7)
      objectReference: {fileID: 0}
    - target: {fileID: 4875692671170796, guid: 970559a850acdfc4987696959b411ea8, type: 2}
      propertyPath: m_LocalScale.x
      value: 1.2665739
      objectReference: {fileID: 0}
    - target: {fileID: 4875692671170796, guid: 970559a850acdfc4987696959b411ea8, type: 2}
      propertyPath: m_LocalScale.y
      value: 1.2665741
      objectReference: {fileID: 0}
    - target: {fileID: 4875692671170796, guid: 970559a850acdfc4987696959b411ea8, type: 2}
      propertyPath: m_LocalScale.z
      value: 1.2665741
      objectReference: {fileID: 0}
    m_RemovedComponents: []
  m_ParentPrefab: {fileID: 100100000, guid: 970559a850acdfc4987696959b411ea8, type: 2}
  m_IsPrefabParent: 0
--- !u!1 &1835105602
GameObject:
  m_ObjectHideFlags: 0
  m_PrefabParentObject: {fileID: 0}
  m_PrefabInternal: {fileID: 0}
  serializedVersion: 5
  m_Component:
  - component: {fileID: 1835105603}
  - component: {fileID: 1835105605}
  - component: {fileID: 1835105604}
  m_Layer: 0
  m_Name: S_Rock_Black014
  m_TagString: Untagged
  m_Icon: {fileID: 0}
  m_NavMeshLayer: 0
  m_StaticEditorFlags: 4294967255
  m_IsActive: 1
--- !u!4 &1835105603
Transform:
  m_ObjectHideFlags: 0
  m_PrefabParentObject: {fileID: 0}
  m_PrefabInternal: {fileID: 0}
  m_GameObject: {fileID: 1835105602}
  m_LocalRotation: {x: -0.080596775, y: 0.31295303, z: -0.07585219, w: 0.943298}
  m_LocalPosition: {x: -3.2, y: -52.7, z: 11.9}
  m_LocalScale: {x: 4.6924005, y: 4.6924005, z: 4.692401}
  m_Children: []
  m_Father: {fileID: 18352685}
  m_RootOrder: 1
  m_LocalEulerAnglesHint: {x: -6.0030003, y: 37.298, z: -11.222}
--- !u!23 &1835105604
MeshRenderer:
  m_ObjectHideFlags: 0
  m_PrefabParentObject: {fileID: 0}
  m_PrefabInternal: {fileID: 0}
  m_GameObject: {fileID: 1835105602}
  m_Enabled: 1
  m_CastShadows: 1
  m_ReceiveShadows: 1
  m_MotionVectors: 1
  m_LightProbeUsage: 1
  m_ReflectionProbeUsage: 1
  m_Materials:
  - {fileID: 2100000, guid: b48d359fb63db86429e4cf6d3d586bba, type: 2}
  m_StaticBatchInfo:
    firstSubMesh: 0
    subMeshCount: 0
  m_StaticBatchRoot: {fileID: 0}
  m_ProbeAnchor: {fileID: 0}
  m_LightProbeVolumeOverride: {fileID: 0}
  m_ScaleInLightmap: 0.2
  m_PreserveUVs: 0
  m_IgnoreNormalsForChartDetection: 0
  m_ImportantGI: 0
  m_SelectedEditorRenderState: 3
  m_MinimumChartSize: 4
  m_AutoUVMaxDistance: 0.5
  m_AutoUVMaxAngle: 89
  m_LightmapParameters: {fileID: 0}
  m_SortingLayerID: 0
  m_SortingLayer: 0
  m_SortingOrder: 0
--- !u!33 &1835105605
MeshFilter:
  m_ObjectHideFlags: 0
  m_PrefabParentObject: {fileID: 0}
  m_PrefabInternal: {fileID: 0}
  m_GameObject: {fileID: 1835105602}
  m_Mesh: {fileID: 4300000, guid: 11fbaee5f1c7c634f97fedbdaa062c70, type: 3}
--- !u!1 &1906722060
GameObject:
  m_ObjectHideFlags: 0
  m_PrefabParentObject: {fileID: 0}
  m_PrefabInternal: {fileID: 0}
  serializedVersion: 5
  m_Component:
  - component: {fileID: 1906722061}
  - component: {fileID: 1906722063}
  - component: {fileID: 1906722062}
  m_Layer: 0
  m_Name: S_Rock_Black015
  m_TagString: Untagged
  m_Icon: {fileID: 0}
  m_NavMeshLayer: 0
  m_StaticEditorFlags: 4294967255
  m_IsActive: 1
--- !u!4 &1906722061
Transform:
  m_ObjectHideFlags: 0
  m_PrefabParentObject: {fileID: 0}
  m_PrefabInternal: {fileID: 0}
  m_GameObject: {fileID: 1906722060}
  m_LocalRotation: {x: 0.022469964, y: -0.14402485, z: 0.30047277, w: 0.9425859}
  m_LocalPosition: {x: -65.1, y: -17.6, z: -20.1}
  m_LocalScale: {x: 3.0384998, y: 3.0384998, z: 3.0385}
  m_Children: []
  m_Father: {fileID: 18352685}
  m_RootOrder: 2
  m_LocalEulerAnglesHint: {x: 7.4070005, y: -15.081, z: 34.38}
--- !u!23 &1906722062
MeshRenderer:
  m_ObjectHideFlags: 0
  m_PrefabParentObject: {fileID: 0}
  m_PrefabInternal: {fileID: 0}
  m_GameObject: {fileID: 1906722060}
  m_Enabled: 1
  m_CastShadows: 1
  m_ReceiveShadows: 1
  m_MotionVectors: 1
  m_LightProbeUsage: 1
  m_ReflectionProbeUsage: 1
  m_Materials:
  - {fileID: 2100000, guid: b48d359fb63db86429e4cf6d3d586bba, type: 2}
  m_StaticBatchInfo:
    firstSubMesh: 0
    subMeshCount: 0
  m_StaticBatchRoot: {fileID: 0}
  m_ProbeAnchor: {fileID: 0}
  m_LightProbeVolumeOverride: {fileID: 0}
  m_ScaleInLightmap: 0.3
  m_PreserveUVs: 0
  m_IgnoreNormalsForChartDetection: 0
  m_ImportantGI: 0
  m_SelectedEditorRenderState: 3
  m_MinimumChartSize: 4
  m_AutoUVMaxDistance: 0.5
  m_AutoUVMaxAngle: 89
  m_LightmapParameters: {fileID: 0}
  m_SortingLayerID: 0
  m_SortingLayer: 0
  m_SortingOrder: 0
--- !u!33 &1906722063
MeshFilter:
  m_ObjectHideFlags: 0
  m_PrefabParentObject: {fileID: 0}
  m_PrefabInternal: {fileID: 0}
  m_GameObject: {fileID: 1906722060}
  m_Mesh: {fileID: 4300000, guid: 83e959be45787374bbd9a3ff52ac97a7, type: 3}
--- !u!1 &1916472803
GameObject:
  m_ObjectHideFlags: 0
  m_PrefabParentObject: {fileID: 0}
  m_PrefabInternal: {fileID: 0}
  serializedVersion: 5
  m_Component:
  - component: {fileID: 1916472804}
  - component: {fileID: 1916472805}
  m_Layer: 0
  m_Name: camera
  m_TagString: MainCamera
  m_Icon: {fileID: 0}
  m_NavMeshLayer: 0
  m_StaticEditorFlags: 0
  m_IsActive: 0
--- !u!4 &1916472804
Transform:
  m_ObjectHideFlags: 0
  m_PrefabParentObject: {fileID: 0}
  m_PrefabInternal: {fileID: 0}
  m_GameObject: {fileID: 1916472803}
  m_LocalRotation: {x: 0.3007058, y: 0, z: 0, w: 0.953717}
  m_LocalPosition: {x: 0, y: 13.5, z: -16}
  m_LocalScale: {x: 1, y: 1, z: 1}
  m_Children: []
  m_Father: {fileID: 381759400}
  m_RootOrder: 0
  m_LocalEulerAnglesHint: {x: 35, y: 0, z: 0}
--- !u!20 &1916472805
Camera:
  m_ObjectHideFlags: 0
  m_PrefabParentObject: {fileID: 0}
  m_PrefabInternal: {fileID: 0}
  m_GameObject: {fileID: 1916472803}
  m_Enabled: 1
  serializedVersion: 2
  m_ClearFlags: 2
  m_BackGroundColor: {r: 0.41960788, g: 0.15686275, b: 0.078431375, a: 1}
  m_NormalizedViewPortRect:
    serializedVersion: 2
    x: 0
    y: 0
    width: 1
    height: 1
  near clip plane: 0.3
  far clip plane: 1000
  field of view: 50
  orthographic: 0
  orthographic size: 5
  m_Depth: 0
  m_CullingMask:
    serializedVersion: 2
    m_Bits: 4294967295
  m_RenderingPath: -1
  m_TargetTexture: {fileID: 0}
  m_TargetDisplay: 0
  m_TargetEye: 3
  m_HDR: 0
  m_AllowMSAA: 0
  m_ForceIntoRT: 0
  m_OcclusionCulling: 1
  m_StereoConvergence: 10
  m_StereoSeparation: 0.022
  m_StereoMirrorMode: 0
--- !u!1 &1939050558
GameObject:
  m_ObjectHideFlags: 0
  m_PrefabParentObject: {fileID: 0}
  m_PrefabInternal: {fileID: 0}
  serializedVersion: 5
  m_Component:
  - component: {fileID: 1939050559}
  - component: {fileID: 1939050561}
  - component: {fileID: 1939050560}
  m_Layer: 0
  m_Name: S_Build_Forest052 (5)
  m_TagString: Untagged
  m_Icon: {fileID: 0}
  m_NavMeshLayer: 0
  m_StaticEditorFlags: 4294967255
  m_IsActive: 1
--- !u!4 &1939050559
Transform:
  m_ObjectHideFlags: 0
  m_PrefabParentObject: {fileID: 0}
  m_PrefabInternal: {fileID: 0}
  m_GameObject: {fileID: 1939050558}
  m_LocalRotation: {x: -0, y: 0.9357812, z: -0, w: 0.35258144}
  m_LocalPosition: {x: -38.14, y: 6.31, z: -79.48}
  m_LocalScale: {x: 1.4496526, y: 1.4496524, z: 1.4496526}
  m_Children: []
  m_Father: {fileID: 18352685}
  m_RootOrder: 14
  m_LocalEulerAnglesHint: {x: 0, y: 138.709, z: 0}
--- !u!23 &1939050560
MeshRenderer:
  m_ObjectHideFlags: 0
  m_PrefabParentObject: {fileID: 0}
  m_PrefabInternal: {fileID: 0}
  m_GameObject: {fileID: 1939050558}
  m_Enabled: 1
  m_CastShadows: 1
  m_ReceiveShadows: 1
  m_MotionVectors: 1
  m_LightProbeUsage: 1
  m_ReflectionProbeUsage: 1
  m_Materials:
  - {fileID: 2100000, guid: ee2fb2b75a9f0ed41a8be30c09cf5ed3, type: 2}
  m_StaticBatchInfo:
    firstSubMesh: 0
    subMeshCount: 0
  m_StaticBatchRoot: {fileID: 0}
  m_ProbeAnchor: {fileID: 0}
  m_LightProbeVolumeOverride: {fileID: 0}
  m_ScaleInLightmap: 0.7
  m_PreserveUVs: 0
  m_IgnoreNormalsForChartDetection: 0
  m_ImportantGI: 0
  m_SelectedEditorRenderState: 3
  m_MinimumChartSize: 4
  m_AutoUVMaxDistance: 0.5
  m_AutoUVMaxAngle: 89
  m_LightmapParameters: {fileID: 0}
  m_SortingLayerID: 0
  m_SortingLayer: 0
  m_SortingOrder: 0
--- !u!33 &1939050561
MeshFilter:
  m_ObjectHideFlags: 0
  m_PrefabParentObject: {fileID: 0}
  m_PrefabInternal: {fileID: 0}
  m_GameObject: {fileID: 1939050558}
  m_Mesh: {fileID: 4300000, guid: f2996f9a43eff374c87ad85c29100bcc, type: 3}
--- !u!1001 &2092720115
Prefab:
  m_ObjectHideFlags: 0
  serializedVersion: 2
  m_Modification:
    m_TransformParent: {fileID: 273106121}
    m_Modifications:
    - target: {fileID: 4772722473619902, guid: ef930acf86ce0ea439d66ec458c35b53, type: 2}
      propertyPath: m_LocalPosition.x
      value: -56.39
      objectReference: {fileID: 0}
    - target: {fileID: 4772722473619902, guid: ef930acf86ce0ea439d66ec458c35b53, type: 2}
      propertyPath: m_LocalPosition.y
      value: -12.220001
      objectReference: {fileID: 0}
    - target: {fileID: 4772722473619902, guid: ef930acf86ce0ea439d66ec458c35b53, type: 2}
      propertyPath: m_LocalPosition.z
      value: -0.960001
      objectReference: {fileID: 0}
    - target: {fileID: 4772722473619902, guid: ef930acf86ce0ea439d66ec458c35b53, type: 2}
      propertyPath: m_LocalRotation.x
      value: -0
      objectReference: {fileID: 0}
    - target: {fileID: 4772722473619902, guid: ef930acf86ce0ea439d66ec458c35b53, type: 2}
      propertyPath: m_LocalRotation.y
      value: -0.7071068
      objectReference: {fileID: 0}
    - target: {fileID: 4772722473619902, guid: ef930acf86ce0ea439d66ec458c35b53, type: 2}
      propertyPath: m_LocalRotation.z
      value: -0.7071068
      objectReference: {fileID: 0}
    - target: {fileID: 4772722473619902, guid: ef930acf86ce0ea439d66ec458c35b53, type: 2}
      propertyPath: m_LocalRotation.w
      value: 0
      objectReference: {fileID: 0}
    - target: {fileID: 4772722473619902, guid: ef930acf86ce0ea439d66ec458c35b53, type: 2}
      propertyPath: m_RootOrder
      value: 5
      objectReference: {fileID: 0}
    m_RemovedComponents: []
  m_ParentPrefab: {fileID: 100100000, guid: ef930acf86ce0ea439d66ec458c35b53, type: 2}
  m_IsPrefabParent: 0
--- !u!1 &2099706460
GameObject:
  m_ObjectHideFlags: 0
  m_PrefabParentObject: {fileID: 0}
  m_PrefabInternal: {fileID: 0}
  serializedVersion: 5
  m_Component:
  - component: {fileID: 2099706461}
  - component: {fileID: 2099706463}
  - component: {fileID: 2099706462}
  m_Layer: 0
  m_Name: S_Build_Forest007 (1)
  m_TagString: Untagged
  m_Icon: {fileID: 0}
  m_NavMeshLayer: 0
  m_StaticEditorFlags: 4294967255
  m_IsActive: 1
--- !u!4 &2099706461
Transform:
  m_ObjectHideFlags: 0
  m_PrefabParentObject: {fileID: 0}
  m_PrefabInternal: {fileID: 0}
  m_GameObject: {fileID: 2099706460}
  m_LocalRotation: {x: 0.39474306, y: 0.20010887, z: 0.06427379, w: 0.894429}
  m_LocalPosition: {x: -72.43, y: 2.8299994, z: -23.689999}
  m_LocalScale: {x: 4.1654587, y: 4.165459, z: 4.165459}
  m_Children: []
  m_Father: {fileID: 18352685}
  m_RootOrder: 17
  m_LocalEulerAnglesHint: {x: 42.876003, y: 33.898003, z: 21.868002}
--- !u!23 &2099706462
MeshRenderer:
  m_ObjectHideFlags: 0
  m_PrefabParentObject: {fileID: 0}
  m_PrefabInternal: {fileID: 0}
  m_GameObject: {fileID: 2099706460}
  m_Enabled: 1
  m_CastShadows: 1
  m_ReceiveShadows: 1
  m_MotionVectors: 1
  m_LightProbeUsage: 1
  m_ReflectionProbeUsage: 1
  m_Materials:
  - {fileID: 2100000, guid: 04a46e78b805fcf4cab0523b5f2a8d61, type: 2}
  m_StaticBatchInfo:
    firstSubMesh: 0
    subMeshCount: 0
  m_StaticBatchRoot: {fileID: 0}
  m_ProbeAnchor: {fileID: 0}
  m_LightProbeVolumeOverride: {fileID: 0}
  m_ScaleInLightmap: 0.6
  m_PreserveUVs: 0
  m_IgnoreNormalsForChartDetection: 0
  m_ImportantGI: 0
  m_SelectedEditorRenderState: 3
  m_MinimumChartSize: 4
  m_AutoUVMaxDistance: 0.5
  m_AutoUVMaxAngle: 89
  m_LightmapParameters: {fileID: 0}
  m_SortingLayerID: 0
  m_SortingLayer: 0
  m_SortingOrder: 0
--- !u!33 &2099706463
MeshFilter:
  m_ObjectHideFlags: 0
  m_PrefabParentObject: {fileID: 0}
  m_PrefabInternal: {fileID: 0}
  m_GameObject: {fileID: 2099706460}
  m_Mesh: {fileID: 4300000, guid: eef37025a14945d4e9e3aa13f78a7582, type: 3}
--- !u!1001 &2113237930
Prefab:
  m_ObjectHideFlags: 0
  serializedVersion: 2
  m_Modification:
    m_TransformParent: {fileID: 273106121}
    m_Modifications:
    - target: {fileID: 4772722473619902, guid: ef930acf86ce0ea439d66ec458c35b53, type: 2}
      propertyPath: m_LocalPosition.x
      value: -18.49
      objectReference: {fileID: 0}
    - target: {fileID: 4772722473619902, guid: ef930acf86ce0ea439d66ec458c35b53, type: 2}
      propertyPath: m_LocalPosition.y
      value: 7.47
      objectReference: {fileID: 0}
    - target: {fileID: 4772722473619902, guid: ef930acf86ce0ea439d66ec458c35b53, type: 2}
      propertyPath: m_LocalPosition.z
      value: -15.23
      objectReference: {fileID: 0}
    - target: {fileID: 4772722473619902, guid: ef930acf86ce0ea439d66ec458c35b53, type: 2}
      propertyPath: m_LocalRotation.x
      value: 0.22576001
      objectReference: {fileID: 0}
    - target: {fileID: 4772722473619902, guid: ef930acf86ce0ea439d66ec458c35b53, type: 2}
      propertyPath: m_LocalRotation.y
      value: -0.67009884
      objectReference: {fileID: 0}
    - target: {fileID: 4772722473619902, guid: ef930acf86ce0ea439d66ec458c35b53, type: 2}
      propertyPath: m_LocalRotation.z
      value: -0.67009884
      objectReference: {fileID: 0}
    - target: {fileID: 4772722473619902, guid: ef930acf86ce0ea439d66ec458c35b53, type: 2}
      propertyPath: m_LocalRotation.w
      value: -0.22575997
      objectReference: {fileID: 0}
    - target: {fileID: 4772722473619902, guid: ef930acf86ce0ea439d66ec458c35b53, type: 2}
      propertyPath: m_RootOrder
      value: 6
      objectReference: {fileID: 0}
    - target: {fileID: 4772722473619902, guid: ef930acf86ce0ea439d66ec458c35b53, type: 2}
      propertyPath: m_LocalScale.x
      value: 1.7310814
      objectReference: {fileID: 0}
    - target: {fileID: 4772722473619902, guid: ef930acf86ce0ea439d66ec458c35b53, type: 2}
      propertyPath: m_LocalScale.y
      value: 1.2477305
      objectReference: {fileID: 0}
    - target: {fileID: 4772722473619902, guid: ef930acf86ce0ea439d66ec458c35b53, type: 2}
      propertyPath: m_LocalScale.z
      value: 1.2477305
      objectReference: {fileID: 0}
    - target: {fileID: 1523724791422884, guid: ef930acf86ce0ea439d66ec458c35b53, type: 2}
      propertyPath: m_Name
      value: E_Scene_rongyan03 (1)
      objectReference: {fileID: 0}
    - target: {fileID: 4772722473619902, guid: ef930acf86ce0ea439d66ec458c35b53, type: 2}
      propertyPath: m_LocalEulerAnglesHint.x
      value: -89.99999
      objectReference: {fileID: 0}
    - target: {fileID: 4772722473619902, guid: ef930acf86ce0ea439d66ec458c35b53, type: 2}
      propertyPath: m_LocalEulerAnglesHint.z
      value: -37.237976
      objectReference: {fileID: 0}
    m_RemovedComponents: []
  m_ParentPrefab: {fileID: 100100000, guid: ef930acf86ce0ea439d66ec458c35b53, type: 2}
  m_IsPrefabParent: 0
