%YAML 1.1
%TAG !u! tag:unity3d.com,2011:
--- !u!1001 &100100000
Prefab:
  m_ObjectHideFlags: 1
  serializedVersion: 2
  m_Modification:
    m_TransformParent: {fileID: 0}
    m_Modifications: []
    m_RemovedComponents: []
  m_ParentPrefab: {fileID: 0}
  m_RootGameObject: {fileID: 1191885305715438}
  m_IsPrefabParent: 1
--- !u!1 &1112401588600304
GameObject:
  m_ObjectHideFlags: 0
  m_PrefabParentObject: {fileID: 0}
  m_PrefabInternal: {fileID: 100100000}
  serializedVersion: 5
  m_Component:
  - component: {fileID: 4273204269472914}
  m_Layer: 0
  m_Name: Bone021(mirrored)
  m_TagString: Untagged
  m_Icon: {fileID: 0}
  m_NavMeshLayer: 0
  m_StaticEditorFlags: 0
  m_IsActive: 1
--- !u!1 &1191885305715438
GameObject:
  m_ObjectHideFlags: 0
  m_PrefabParentObject: {fileID: 0}
  m_PrefabInternal: {fileID: 100100000}
  serializedVersion: 5
  m_Component:
  - component: {fileID: 4801154328203976}
  - component: {fileID: 95733932084086008}
  - component: {fileID: 114438778188688954}
  m_Layer: 0
  m_Name: 510021
  m_TagString: Untagged
  m_Icon: {fileID: 0}
  m_NavMeshLayer: 0
  m_StaticEditorFlags: 0
  m_IsActive: 1
--- !u!1 &1359922679382036
GameObject:
  m_ObjectHideFlags: 0
  m_PrefabParentObject: {fileID: 0}
  m_PrefabInternal: {fileID: 100100000}
  serializedVersion: 5
  m_Component:
  - component: {fileID: 4197531390868762}
  m_Layer: 0
  m_Name: Bone023
  m_TagString: Untagged
  m_Icon: {fileID: 0}
  m_NavMeshLayer: 0
  m_StaticEditorFlags: 0
  m_IsActive: 1
--- !u!1 &1462498476102498
GameObject:
  m_ObjectHideFlags: 0
  m_PrefabParentObject: {fileID: 0}
  m_PrefabInternal: {fileID: 100100000}
  serializedVersion: 5
  m_Component:
  - component: {fileID: 4151881281305058}
  m_Layer: 0
  m_Name: Bone021
  m_TagString: Untagged
  m_Icon: {fileID: 0}
  m_NavMeshLayer: 0
  m_StaticEditorFlags: 0
  m_IsActive: 1
--- !u!1 &1861490533007536
GameObject:
  m_ObjectHideFlags: 0
  m_PrefabParentObject: {fileID: 0}
  m_PrefabInternal: {fileID: 100100000}
  serializedVersion: 5
  m_Component:
  - component: {fileID: 4738790425821284}
  - component: {fileID: 137293684952894174}
  m_Layer: 0
  m_Name: model
  m_TagString: Untagged
  m_Icon: {fileID: 0}
  m_NavMeshLayer: 0
  m_StaticEditorFlags: 0
  m_IsActive: 1
--- !u!4 &4151881281305058
Transform:
  m_ObjectHideFlags: 1
  m_PrefabParentObject: {fileID: 0}
  m_PrefabInternal: {fileID: 100100000}
  m_GameObject: {fileID: 1462498476102498}
  m_LocalRotation: {x: -0.011265922, y: -0.14340723, z: -0.105832, w: -0.9839243}
  m_LocalPosition: {x: -0.3719945, y: 1.2399588, z: -0.119296074}
  m_LocalScale: {x: 1.0000013, y: 1.0000012, z: 1.0000018}
  m_Children: []
  m_Father: {fileID: 4801154328203976}
  m_RootOrder: 0
  m_LocalEulerAnglesHint: {x: 0, y: 0, z: 0}
--- !u!4 &4197531390868762
Transform:
  m_ObjectHideFlags: 1
  m_PrefabParentObject: {fileID: 0}
  m_PrefabInternal: {fileID: 100100000}
  m_GameObject: {fileID: 1359922679382036}
  m_LocalRotation: {x: 0.32640466, y: -0.5785967, z: -0.24382943, w: -0.70656425}
  m_LocalPosition: {x: 0.46118647, y: 0.87217873, z: -0.12594536}
  m_LocalScale: {x: 1.0000014, y: 1.0000005, z: 1.0000011}
  m_Children: []
  m_Father: {fileID: 4801154328203976}
  m_RootOrder: 2
  m_LocalEulerAnglesHint: {x: 0, y: 0, z: 0}
--- !u!4 &4273204269472914
Transform:
  m_ObjectHideFlags: 1
  m_PrefabParentObject: {fileID: 0}
  m_PrefabInternal: {fileID: 100100000}
  m_GameObject: {fileID: 1112401588600304}
  m_LocalRotation: {x: -0.1434072, y: -0.011266719, z: 0.98392445, w: 0.10583075}
  m_LocalPosition: {x: 0.37199712, y: 1.2399598, z: -0.11929637}
  m_LocalScale: {x: 1.000005, y: 1.0000043, z: 1.0000021}
  m_Children: []
  m_Father: {fileID: 4801154328203976}
  m_RootOrder: 1
  m_LocalEulerAnglesHint: {x: 0, y: 0, z: 0}
--- !u!4 &4738790425821284
Transform:
  m_ObjectHideFlags: 1
  m_PrefabParentObject: {fileID: 0}
  m_PrefabInternal: {fileID: 100100000}
  m_GameObject: {fileID: 1861490533007536}
  m_LocalRotation: {x: -0.5105704, y: 0.48920268, z: 0.5105692, w: -0.48920113}
  m_LocalPosition: {x: -5.6057436e-10, y: 0.8785391, z: -0.010577981}
  m_LocalScale: {x: 1.0000002, y: 1.0000004, z: 1.0000005}
  m_Children: []
  m_Father: {fileID: 4801154328203976}
  m_RootOrder: 3
  m_LocalEulerAnglesHint: {x: 0, y: 0, z: 0}
--- !u!4 &4801154328203976
Transform:
  m_ObjectHideFlags: 1
  m_PrefabParentObject: {fileID: 0}
  m_PrefabInternal: {fileID: 100100000}
  m_GameObject: {fileID: 1191885305715438}
  m_LocalRotation: {x: 0, y: 0, z: 0, w: 1}
  m_LocalPosition: {x: 0, y: 0, z: 0}
  m_LocalScale: {x: 1, y: 1, z: 1}
  m_Children:
  - {fileID: 4151881281305058}
  - {fileID: 4273204269472914}
  - {fileID: 4197531390868762}
  - {fileID: 4738790425821284}
  m_Father: {fileID: 0}
  m_RootOrder: 0
  m_LocalEulerAnglesHint: {x: 0, y: 0, z: 0}
--- !u!95 &95733932084086008
Animator:
  serializedVersion: 3
  m_ObjectHideFlags: 1
  m_PrefabParentObject: {fileID: 0}
  m_PrefabInternal: {fileID: 100100000}
  m_GameObject: {fileID: 1191885305715438}
  m_Enabled: 1
  m_Avatar: {fileID: 9000000, guid: a693404d71bee614894a82db743dd3a1, type: 3}
  m_Controller: {fileID: 9100000, guid: 2928bf9d1327aef4cb8b7fcc10560360, type: 2}
  m_CullingMode: 2
  m_UpdateMode: 1
  m_ApplyRootMotion: 0
  m_LinearVelocityBlending: 0
  m_WarningMessage: 
  m_HasTransformHierarchy: 0
  m_AllowConstantClipSamplingOptimization: 1
--- !u!114 &114438778188688954
MonoBehaviour:
  m_ObjectHideFlags: 1
  m_PrefabParentObject: {fileID: 0}
  m_PrefabInternal: {fileID: 100100000}
  m_GameObject: {fileID: 1191885305715438}
  m_Enabled: 1
  m_EditorHideFlags: 0
  m_Script: {fileID: 11500000, guid: 7409368713d5c3d4cabb6f121204de64, type: 3}
  m_Name: 
  m_EditorClassIdentifier: 
  effectT:
  - {fileID: 4151881281305058}
  - {fileID: 4273204269472914}
  - {fileID: 4197531390868762}
  effects:
  - {fileID: 1353920123302686, guid: 5597a99f27ed7424db5e02348cde2d3b, type: 2}
  - {fileID: 1323591876433630, guid: d16b567044faace418c4ef9a991a9000, type: 2}
  - {fileID: 1528886305616576, guid: 1465d5b80b5205046a3b08af5872a8b8, type: 2}
--- !u!137 &137293684952894174
SkinnedMeshRenderer:
  m_ObjectHideFlags: 1
  m_PrefabParentObject: {fileID: 0}
  m_PrefabInternal: {fileID: 100100000}
  m_GameObject: {fileID: 1861490533007536}
  m_Enabled: 1
  m_CastShadows: 0
  m_ReceiveShadows: 0
  m_MotionVectors: 2
  m_LightProbeUsage: 0
  m_ReflectionProbeUsage: 0
  m_Materials:
  - {fileID: 2100000, guid: 0fcbf29fbb9829e428a6a7f525b44c15, type: 2}
  m_StaticBatchInfo:
    firstSubMesh: 0
    subMeshCount: 0
  m_StaticBatchRoot: {fileID: 0}
  m_ProbeAnchor: {fileID: 0}
  m_LightProbeVolumeOverride: {fileID: 0}
  m_ScaleInLightmap: 1
  m_PreserveUVs: 0
  m_IgnoreNormalsForChartDetection: 0
  m_ImportantGI: 0
  m_SelectedEditorRenderState: 3
  m_MinimumChartSize: 4
  m_AutoUVMaxDistance: 0.5
  m_AutoUVMaxAngle: 89
  m_LightmapParameters: {fileID: 0}
  m_SortingLayerID: 0
  m_SortingLayer: 0
  m_SortingOrder: 0
  serializedVersion: 2
  m_Quality: 0
  m_UpdateWhenOffscreen: 0
  m_SkinnedMotionVectors: 0
  m_Mesh: {fileID: 4300000, guid: a693404d71bee614894a82db743dd3a1, type: 3}
  m_Bones: []
  m_BlendShapeWeights: []
  m_RootBone: {fileID: 0}
  m_AABB:
    m_Center: {x: 0.09631947, y: 0.11100778, z: -0.057080895}
    m_Extent: {x: 0.7865809, y: 0.43105367, z: 0.58551157}
  m_DirtyAABB: 0
