%YAML 1.1
%TAG !u! tag:unity3d.com,2011:
--- !u!1001 &100100000
Prefab:
  m_ObjectHideFlags: 1
  serializedVersion: 2
  m_Modification:
    m_TransformParent: {fileID: 0}
    m_Modifications: []
    m_RemovedComponents: []
  m_ParentPrefab: {fileID: 0}
  m_RootGameObject: {fileID: 1779022766110880}
  m_IsPrefabParent: 1
--- !u!1 &1779022766110880
GameObject:
  m_ObjectHideFlags: 0
  m_PrefabParentObject: {fileID: 0}
  m_PrefabInternal: {fileID: 100100000}
  serializedVersion: 5
  m_Component:
  - component: {fileID: 4278228278225244}
  m_Layer: 0
  m_Name: Bone14
  m_TagString: Untagged
  m_Icon: {fileID: 0}
  m_NavMeshLayer: 0
  m_StaticEditorFlags: 0
  m_IsActive: 1
--- !u!1 &1868671108707374
GameObject:
  m_ObjectHideFlags: 0
  m_PrefabParentObject: {fileID: 0}
  m_PrefabInternal: {fileID: 100100000}
  serializedVersion: 5
  m_Component:
  - component: {fileID: 4833681640054398}
  - component: {fileID: 33375452367817448}
  - component: {fileID: 23178365145304800}
  - component: {fileID: 114986532608743984}
  - component: {fileID: 114115456488363374}
  m_Layer: 0
  m_Name: tuiliuguang (1)
  m_TagString: Untagged
  m_Icon: {fileID: 0}
  m_NavMeshLayer: 0
  m_StaticEditorFlags: 0
  m_IsActive: 1
--- !u!4 &4278228278225244
Transform:
  m_ObjectHideFlags: 1
  m_PrefabParentObject: {fileID: 0}
  m_PrefabInternal: {fileID: 100100000}
  m_GameObject: {fileID: 1779022766110880}
  m_LocalRotation: {x: 0, y: 0, z: 0, w: 1}
  m_LocalPosition: {x: 0, y: 0, z: 0}
  m_LocalScale: {x: 1.56, y: 1.56, z: 1.56}
  m_Children:
  - {fileID: 4833681640054398}
  m_Father: {fileID: 0}
  m_RootOrder: 0
  m_LocalEulerAnglesHint: {x: 0, y: 0, z: 0}
--- !u!4 &4833681640054398
Transform:
  m_ObjectHideFlags: 1
  m_PrefabParentObject: {fileID: 0}
  m_PrefabInternal: {fileID: 100100000}
  m_GameObject: {fileID: 1868671108707374}
  m_LocalRotation: {x: 0.4406992, y: -0.532913, z: -0.61333925, w: 0.38157955}
  m_LocalPosition: {x: -0.14096352, y: 0.01907945, z: -0.00024244029}
  m_LocalScale: {x: 0.4066443, y: 0.4066443, z: 0.4066443}
  m_Children: []
  m_Father: {fileID: 4278228278225244}
  m_RootOrder: 0
  m_LocalEulerAnglesHint: {x: 0, y: 0, z: 0}
--- !u!23 &23178365145304800
MeshRenderer:
  m_ObjectHideFlags: 1
  m_PrefabParentObject: {fileID: 0}
  m_PrefabInternal: {fileID: 100100000}
  m_GameObject: {fileID: 1868671108707374}
  m_Enabled: 1
  m_CastShadows: 0
  m_ReceiveShadows: 0
  m_MotionVectors: 1
  m_LightProbeUsage: 1
  m_ReflectionProbeUsage: 1
  m_Materials:
  - {fileID: 0}
  m_StaticBatchInfo:
    firstSubMesh: 0
    subMeshCount: 0
  m_StaticBatchRoot: {fileID: 0}
  m_ProbeAnchor: {fileID: 0}
  m_LightProbeVolumeOverride: {fileID: 0}
  m_ScaleInLightmap: 1
  m_PreserveUVs: 1
  m_IgnoreNormalsForChartDetection: 0
  m_ImportantGI: 0
  m_SelectedEditorRenderState: 3
  m_MinimumChartSize: 4
  m_AutoUVMaxDistance: 0.5
  m_AutoUVMaxAngle: 89
  m_LightmapParameters: {fileID: 0}
  m_SortingLayerID: 0
  m_SortingLayer: 0
  m_SortingOrder: 0
--- !u!33 &33375452367817448
MeshFilter:
  m_ObjectHideFlags: 1
  m_PrefabParentObject: {fileID: 0}
  m_PrefabInternal: {fileID: 100100000}
  m_GameObject: {fileID: 1868671108707374}
  m_Mesh: {fileID: 4300000, guid: 65a92fdd233713045b716d927b2cee2a, type: 3}
--- !u!114 &114115456488363374
MonoBehaviour:
  m_ObjectHideFlags: 1
  m_PrefabParentObject: {fileID: 0}
  m_PrefabInternal: {fileID: 100100000}
  m_GameObject: {fileID: 1868671108707374}
  m_Enabled: 1
  m_EditorHideFlags: 0
  m_Script: {fileID: 11500000, guid: 47b734d6cf544e946a6217f77fe9aa3d, type: 3}
  m_Name: 
  m_EditorClassIdentifier: 
  m_fUserTag: 0
  m_OnEndAniFunction: OnEndAnimation
  m_fScrollSpeedX: 0
  m_fScrollSpeedY: -0.3
  m_fTilingX: 1
  m_fTilingY: 1
  m_fOffsetX: 0
  m_fOffsetY: 0
  m_bUseSmoothDeltaTime: 0
  m_bFixedTileSize: 0
  m_bRepeat: 1
  m_bAutoDestruct: 0
--- !u!114 &114986532608743984
MonoBehaviour:
  m_ObjectHideFlags: 1
  m_PrefabParentObject: {fileID: 0}
  m_PrefabInternal: {fileID: 100100000}
  m_GameObject: {fileID: 1868671108707374}
  m_Enabled: 1
  m_EditorHideFlags: 0
  m_Script: {fileID: 11500000, guid: 910b0c850665fef4eb14d32ef8efdd1d, type: 3}
  m_Name: 
  m_EditorClassIdentifier: 
  AlphaBlendShader: {fileID: 4800000, guid: b94b8e78adb151f4e8191fb302c0d621, type: 3}
  AdditiveShader: {fileID: 4800000, guid: 0965c22b7c23dc249aca57f9ad39daab, type: 3}
  material: {fileID: 0}
  blend: 1
  layer: 2
  seqType: 0
  savematfile: 1
  color: {r: 0, g: 0.7205882, b: 0.12423937, a: 1}
  brightness: 3
  mainTex: {fileID: 2800000, guid: c5b7232b37b4d864b9f6d62035e0d29c, type: 3}
  uoffset: 0
  voffset: 0
  uscale: 1
  vscale: 1
  uvrotate: 0
  maskTex: {fileID: 0}
  maskuoffset: 0
  maskvoffset: 0
  maskuscale: 1
  maskvscale: 1
  maskuvrotate: 180
  flowTex: {fileID: 2800000, guid: f4795d2991b9c3342b2a7e94ccd9660d, type: 3}
  flowuspeed: 0
  flowvspeed: 0.1
  flowDelayTime: 0
  flowStopTime: 999
  flowOffset: -0.5
  flowRotate: 0
  flowStrengthValue: 1
  flowStrengthCurve:
    serializedVersion: 2
    m_Curve:
    - serializedVersion: 2
      time: -0.114285715
      value: 0.44736838
      inSlope: 0.49595144
      outSlope: 0.49595144
      tangentMode: 34
    - serializedVersion: 2
      time: 1
      value: 1
      inSlope: 0.49595144
      outSlope: 0.49595144
      tangentMode: 34
    m_PreInfinity: 2
    m_PostInfinity: 2
    m_RotationOrder: 0
  tileCol: 1
  tileRow: 1
  seqValue: 0
  delay: 0
  once: 0
