%YAML 1.1
%TAG !u! tag:unity3d.com,2011:
--- !u!1001 &100100000
Prefab:
  m_ObjectHideFlags: 1
  serializedVersion: 2
  m_Modification:
    m_TransformParent: {fileID: 0}
    m_Modifications: []
    m_RemovedComponents: []
  m_ParentPrefab: {fileID: 0}
  m_RootGameObject: {fileID: 1683340315687602}
  m_IsPrefabParent: 1
--- !u!1 &1003336725247944
GameObject:
  m_ObjectHideFlags: 0
  m_PrefabParentObject: {fileID: 0}
  m_PrefabInternal: {fileID: 100100000}
  serializedVersion: 5
  m_Component:
  - component: {fileID: 4094956226512024}
  m_Layer: 0
  m_Name: Bone02
  m_TagString: Untagged
  m_Icon: {fileID: 0}
  m_NavMeshLayer: 0
  m_StaticEditorFlags: 0
  m_IsActive: 1
--- !u!1 &1337375139149098
GameObject:
  m_ObjectHideFlags: 0
  m_PrefabParentObject: {fileID: 0}
  m_PrefabInternal: {fileID: 100100000}
  serializedVersion: 5
  m_Component:
  - component: {fileID: 4893077248893658}
  m_Layer: 0
  m_Name: Bone25
  m_TagString: Untagged
  m_Icon: {fileID: 0}
  m_NavMeshLayer: 0
  m_StaticEditorFlags: 0
  m_IsActive: 1
--- !u!1 &1361059343902236
GameObject:
  m_ObjectHideFlags: 0
  m_PrefabParentObject: {fileID: 0}
  m_PrefabInternal: {fileID: 100100000}
  serializedVersion: 5
  m_Component:
  - component: {fileID: 4717927681017950}
  m_Layer: 0
  m_Name: ride
  m_TagString: Untagged
  m_Icon: {fileID: 0}
  m_NavMeshLayer: 0
  m_StaticEditorFlags: 0
  m_IsActive: 1
--- !u!1 &1423187369762842
GameObject:
  m_ObjectHideFlags: 0
  m_PrefabParentObject: {fileID: 0}
  m_PrefabInternal: {fileID: 100100000}
  serializedVersion: 5
  m_Component:
  - component: {fileID: 4315313535775040}
  - component: {fileID: 137664649580500610}
  m_Layer: 0
  m_Name: Object01
  m_TagString: Untagged
  m_Icon: {fileID: 0}
  m_NavMeshLayer: 0
  m_StaticEditorFlags: 0
  m_IsActive: 1
--- !u!1 &1639757527705174
GameObject:
  m_ObjectHideFlags: 0
  m_PrefabParentObject: {fileID: 0}
  m_PrefabInternal: {fileID: 100100000}
  serializedVersion: 5
  m_Component:
  - component: {fileID: 4980546265527118}
  m_Layer: 0
  m_Name: Bone25(mirrored)
  m_TagString: Untagged
  m_Icon: {fileID: 0}
  m_NavMeshLayer: 0
  m_StaticEditorFlags: 0
  m_IsActive: 1
--- !u!1 &1683340315687602
GameObject:
  m_ObjectHideFlags: 0
  m_PrefabParentObject: {fileID: 0}
  m_PrefabInternal: {fileID: 100100000}
  serializedVersion: 5
  m_Component:
  - component: {fileID: 4067925830917780}
  - component: {fileID: 95480446200652700}
  - component: {fileID: 114077901541448688}
  m_Layer: 0
  m_Name: 540009
  m_TagString: Untagged
  m_Icon: {fileID: 0}
  m_NavMeshLayer: 0
  m_StaticEditorFlags: 0
  m_IsActive: 1
--- !u!4 &4067925830917780
Transform:
  m_ObjectHideFlags: 1
  m_PrefabParentObject: {fileID: 0}
  m_PrefabInternal: {fileID: 100100000}
  m_GameObject: {fileID: 1683340315687602}
  m_LocalRotation: {x: 0, y: 0, z: 0, w: 1}
  m_LocalPosition: {x: 0, y: 0, z: 0}
  m_LocalScale: {x: 1, y: 1, z: 1}
  m_Children:
  - {fileID: 4094956226512024}
  - {fileID: 4893077248893658}
  - {fileID: 4980546265527118}
  - {fileID: 4315313535775040}
  - {fileID: 4717927681017950}
  m_Father: {fileID: 0}
  m_RootOrder: 0
  m_LocalEulerAnglesHint: {x: 0, y: 0, z: 0}
--- !u!4 &4094956226512024
Transform:
  m_ObjectHideFlags: 1
  m_PrefabParentObject: {fileID: 0}
  m_PrefabInternal: {fileID: 100100000}
  m_GameObject: {fileID: 1003336725247944}
  m_LocalRotation: {x: 0.7069419, y: -0.015269175, z: 0.7069419, w: -0.015269175}
  m_LocalPosition: {x: 0.00000021519668, y: 1.7344068, z: -1.3306056}
  m_LocalScale: {x: 1.0000006, y: 1.0000011, z: 1.0000006}
  m_Children: []
  m_Father: {fileID: 4067925830917780}
  m_RootOrder: 0
  m_LocalEulerAnglesHint: {x: 0, y: 0, z: 0}
--- !u!4 &4315313535775040
Transform:
  m_ObjectHideFlags: 1
  m_PrefabParentObject: {fileID: 0}
  m_PrefabInternal: {fileID: 100100000}
  m_GameObject: {fileID: 1423187369762842}
  m_LocalRotation: {x: 0.7065228, y: 0.028732467, z: 0.7065228, w: 0.028732467}
  m_LocalPosition: {x: 0.000000069914456, y: 1.9731307, z: 1.5994564}
  m_LocalScale: {x: 1.0000005, y: 1.000001, z: 1.0000005}
  m_Children: []
  m_Father: {fileID: 4067925830917780}
  m_RootOrder: 3
  m_LocalEulerAnglesHint: {x: 0, y: 0, z: 0}
--- !u!4 &4717927681017950
Transform:
  m_ObjectHideFlags: 1
  m_PrefabParentObject: {fileID: 0}
  m_PrefabInternal: {fileID: 100100000}
  m_GameObject: {fileID: 1361059343902236}
  m_LocalRotation: {x: -0.7071068, y: -0.00000010705688, z: 0.7071068, w: -0.00000022910535}
  m_LocalPosition: {x: 0.0015163913, y: 2.7578306, z: -0.12745547}
  m_LocalScale: {x: 1.0000005, y: 1.000001, z: 1.0000005}
  m_Children: []
  m_Father: {fileID: 4067925830917780}
  m_RootOrder: 4
  m_LocalEulerAnglesHint: {x: 0, y: 0, z: 0}
--- !u!4 &4893077248893658
Transform:
  m_ObjectHideFlags: 1
  m_PrefabParentObject: {fileID: 0}
  m_PrefabInternal: {fileID: 100100000}
  m_GameObject: {fileID: 1337375139149098}
  m_LocalRotation: {x: 0.7070347, y: -0.010096389, z: 0.7070347, w: -0.010096389}
  m_LocalPosition: {x: 0.9608103, y: 1.961209, z: -3.5036066}
  m_LocalScale: {x: 1.000003, y: 1.0000057, z: 1.0000025}
  m_Children: []
  m_Father: {fileID: 4067925830917780}
  m_RootOrder: 1
  m_LocalEulerAnglesHint: {x: 0, y: 0, z: 0}
--- !u!4 &4980546265527118
Transform:
  m_ObjectHideFlags: 1
  m_PrefabParentObject: {fileID: 0}
  m_PrefabInternal: {fileID: 100100000}
  m_GameObject: {fileID: 1639757527705174}
  m_LocalRotation: {x: -0.010203358, y: 0.70703316, z: 0.010203168, w: -0.70703316}
  m_LocalPosition: {x: -0.9584212, y: 1.961358, z: -3.5036163}
  m_LocalScale: {x: 1.0000017, y: 1.0000005, z: 1.0000013}
  m_Children: []
  m_Father: {fileID: 4067925830917780}
  m_RootOrder: 2
  m_LocalEulerAnglesHint: {x: 0, y: 0, z: 0}
--- !u!95 &95480446200652700
Animator:
  serializedVersion: 3
  m_ObjectHideFlags: 1
  m_PrefabParentObject: {fileID: 0}
  m_PrefabInternal: {fileID: 100100000}
  m_GameObject: {fileID: 1683340315687602}
  m_Enabled: 1
  m_Avatar: {fileID: 9000000, guid: 4ee4546882c553945a3c5f7ba04632e4, type: 3}
  m_Controller: {fileID: 9100000, guid: 7f57430fd5fd3f046ae637f933fa3e23, type: 2}
  m_CullingMode: 2
  m_UpdateMode: 1
  m_ApplyRootMotion: 0
  m_LinearVelocityBlending: 0
  m_WarningMessage: 
  m_HasTransformHierarchy: 0
  m_AllowConstantClipSamplingOptimization: 1
--- !u!114 &114077901541448688
MonoBehaviour:
  m_ObjectHideFlags: 1
  m_PrefabParentObject: {fileID: 0}
  m_PrefabInternal: {fileID: 100100000}
  m_GameObject: {fileID: 1683340315687602}
  m_Enabled: 1
  m_EditorHideFlags: 0
  m_Script: {fileID: 11500000, guid: 7409368713d5c3d4cabb6f121204de64, type: 3}
  m_Name: 
  m_EditorClassIdentifier: 
  effectT:
  - {fileID: 4094956226512024}
  - {fileID: 4893077248893658}
  - {fileID: 4980546265527118}
  effects:
  - {fileID: 1629083771927702, guid: 2c65d2689b2b72e48abdd34be5266574, type: 2}
  - {fileID: 1932189951152286, guid: 5a297299abb43834087fc8f34a185e8a, type: 2}
  - {fileID: 1155637749476834, guid: b85aa1bcd3794f5418fb413caabeb0ad, type: 2}
--- !u!137 &137664649580500610
SkinnedMeshRenderer:
  m_ObjectHideFlags: 1
  m_PrefabParentObject: {fileID: 0}
  m_PrefabInternal: {fileID: 100100000}
  m_GameObject: {fileID: 1423187369762842}
  m_Enabled: 1
  m_CastShadows: 0
  m_ReceiveShadows: 0
  m_MotionVectors: 2
  m_LightProbeUsage: 0
  m_ReflectionProbeUsage: 0
  m_Materials:
  - {fileID: 2100000, guid: 159dd3d22fca0454883e5b1355015f75, type: 2}
  m_StaticBatchInfo:
    firstSubMesh: 0
    subMeshCount: 0
  m_StaticBatchRoot: {fileID: 0}
  m_ProbeAnchor: {fileID: 0}
  m_LightProbeVolumeOverride: {fileID: 0}
  m_ScaleInLightmap: 1
  m_PreserveUVs: 0
  m_IgnoreNormalsForChartDetection: 0
  m_ImportantGI: 0
  m_SelectedEditorRenderState: 3
  m_MinimumChartSize: 4
  m_AutoUVMaxDistance: 0.5
  m_AutoUVMaxAngle: 89
  m_LightmapParameters: {fileID: 0}
  m_SortingLayerID: 0
  m_SortingLayer: 0
  m_SortingOrder: 0
  serializedVersion: 2
  m_Quality: 0
  m_UpdateWhenOffscreen: 0
  m_SkinnedMotionVectors: 0
  m_Mesh: {fileID: 4300000, guid: 4ee4546882c553945a3c5f7ba04632e4, type: 3}
  m_Bones: []
  m_BlendShapeWeights: []
  m_RootBone: {fileID: 0}
  m_AABB:
    m_Center: {x: -3.7813516, y: -0.11391425, z: 0.014664888}
    m_Extent: {x: 4.989162, y: 0.9802971, z: 4.2634773}
  m_DirtyAABB: 0
